1910 3158
373 275 434 332 84

425 397 559 451 (XVI,
587 395 649 448 12)
670 395 736 436 Et
753 401 904 436 sextus
932 408 1010 436 an-

370 464 498 518 gelus
511 459 668 517 effudit
677 459 876 513 phialam
889 473 1014 501 suam

372 528 418 569 in
442 527 614 582 flumen
660 524 772 566 illud
809 537 1014 580 magnum

373 592 417 634 E
420 591 657 645 aphratem
723 595 767 631 et
835 589 1017 631 siccavit

375 668 532 711 aquam
560 655 666 710 ejus,
704 661 753 696 ut
773 668 1013 710 praepara·

376 729 501 763 retur
520 720 591 763 via
621 720 799 775 regibus
829 720 884 763 ab
915 727 1014 762 ortu

705 270 1037 317 L'APOCALYPSE
1067 284 1126 316 EN
1158 285 1377 330 FRANQAIS

1131 394 1242 448 (Fol.
1264 396 1353 444 32;
1374 397 1492 450 XVI,
1516 396 1712 452 12)T1x·r.

1080 460 1136 501 Et
1163 459 1203 500 le
1229 459 1403 503 sisieme
1419 462 1430 480 ¹
1457 462 1608 518 angele
1649 476 1718 504 es-

1078 524 1212 579 pandi
1233 538 1280 567 sa
1299 525 1399 570 fiole
1420 541 1474 569 en
1495 541 1573 569 ceu
1593 538 1719 583 grant

1080 589 1219 631 flueve
1249 591 1302 632 de
1322 591 1556 645 Eun-atem
1574 602 1616 634 et
1646 605 1720 634 en-

1081 654 1242 697 sechist
1259 655 1273 673 ²
1291 656 1397 698 l'eve
1423 670 1505 712 por
1532 657 1719 714 apareil-

1079 719 1143 761 ler
1184 720 1278 762 veie
1330 734 1377 764 as
1427 722 1516 764 rois
1567 723 1719 765 devers

375 787 500 829 solis.
1083 784 1252 827 Orient.

424 906 459 956 ιζ
480 922 508 954 Β
529 921 608 962 sist‚
627 920 656 954 C
676 919 779 953 siste.
794 934 836 943 —
859 924 892 949 2.
911 915 939 948 B
960 913 1104 949 sechist.

427 1041 573 1078 Gnosn.
593 1038 677 1076 Ceo
709 1046 787 1085 que
807 1034 836 1072 li
869 1033 1029 1071 sisieme
1050 1033 1060 1050 ¹
1088 1032 1228 1082 angele
1256 1033 1423 1083 espandi
1453 1045 1497 1072 sa
1519 1033 1614 1072 fiole
1644 1046 1718 1073 enz

380 1112 432 1138 au
451 1100 464 1117 ²
493 1107 610 1149 grant
634 1097 764 1134 flueve
789 1095 839 1132 de
858 1093 1052 1132 Eufraten
1072 1091 1238 1142 signefie
1263 1092 1303 1130 la
1330 1093 1594 1143 dampnation
1618 1094 1691 1132 des
1707 1095 1721 1116 ³

378 1168 519 1210 tyranz
535 1159 573 1197 &
586 1159 657 1196 des
672 1157 686 1178 ³
699 1154 832 1194 riches
846 1154 988 1191 homes
997 1152 1048 1190 de
1059 1163 1104 1190 ce
1119 1152 1283 1199 munde,
1299 1163 1378 1202 que
1393 1164 1468 1203 par
1475 1165 1612 1204 gresse
1626 1154 1721 1192 des⁴

380 1219 497 1257 biens
509 1227 741 1266 temporeus
761 1219 976 1262 assuagent
988 1211 1015 1258 ⁵,
1030 1212 1115 1248 mes
1135 1223 1158 1248 a
1177 1210 1216 1248 la
1236 1219 1343 1250 mort
1361 1212 1590 1252 ensechist⁶
1607 1211 1720 1261 l'eve,

381 1278 455 1315 kar
469 1277 481 1299 ⁷
500 1276 609 1314 lores
622 1275 636 1297 ⁸
650 1280 836 1312 recevent
855 1271 883 1308 il
898 1278 1061 1320 poverte
1075 1282 1151 1319 pur
1162 1269 1355 1309 richeces.
1375 1271 1426 1310 Et
1438 1280 1565 1320 quant
1583 1270 1612 1310 il
1629 1279 1724 1310 sunt

382 1338 518 1384 abatu,
539 1336 579 1372 la
596 1333 687 1372 voie
707 1333 757 1370 de
787 1331 826 1368 la
855 1329 911 1368 foi
940 1337 1001 1367 est
1022 1328 1173 1367 delivre
1199 1341 1251 1367 au
1272 1330 1287 1351 ⁹
1306 1333 1500 1369 cresti'ens
1530 1330 1600 1380 qui
1629 1339 1723 1370 sont

383 1395 549 1446 signefie
567 1405 640 1444 par
660 1393 719 1430 les
745 1391 825 1430 rois
845 1390 987 1428 devers
1014 1388 1175 1427 Orient.

430 1543 462 1566 ι.
487 1533 516 1565 Β
537 1531 617 1570 sist,
634 1530 663 1564 C
682 1529 783 1563 siste.
798 1546 840 1554 -
857 1536 894 1560 2.
922 1526 951 1559 B
971 1525 1018 1568 el,
1034 1525 1063 1558 C
1087 1534 1129 1559 en
1151 1525 1199 1559 le.
1221 1543 1263 1550 —
1284 1524 1317 1559 3.
1333 1526 1392 1561 BC
1413 1536 1468 1560 as.
1488 1544 1528 1552 —
1551 1536 1586 1570 4.
1608 1526 1637 1560 C
1657 1525 1716 1560 de.

382 1603 424 1611 —
443 1585 475 1618 5.
499 1584 558 1618 BC
592 1582 858 1625 esswagissent.
882 1595 923 1605 —
950 1577 986 1613 6.
1009 1577 1068 1611 BC
1090 1577 1239 1612 sechist.
1271 1596 1312 1603 -
1345 1589 1380 1622 7.
1399 1579 1472 1614 BC
1491 1578 1551 1614 ke.
1574 1596 1616 1606 .-
1635 1578 1670 1613 8.
1691 1579 1720 1613 c

382 1638 510 1672 duncs.
531 1654 572 1663 —
586 1645 624 1680 9.
649 1636 677 1670 B
696 1644 750 1675 as,
775 1634 804 1668 C
823 1643 860 1668 a.

436 1774 571 1828 (XVI,
600 1773 661 1827 13)
683 1772 747 1814 Et
766 1771 856 1814 vidi
874 1770 927 1812 de
947 1745 1042 1811 ore'

383 1839 605 1890 draconis,
626 1845 671 1879 et
695 1837 748 1879 de
767 1850 844 1878 ore
864 1835 1025 1878 bestiae

385 1911 430 1946 et
451 1905 504 1946 de
534 1916 612 1945 ore
623 1902 1025 1958 pseudoprophetae

385 1969 567 2024 spiritus
598 1975 688 2010 tres
710 1966 951 2009 immundos
979 1965 1023 2006 in

387 2034 558 2076 modum
570 2045 796 2075 ranarum.
812 2031 898 2086 (14)
913 2031 1029 2072 Sunt

387 2100 500 2142 enim
510 2096 1026 2154 spiritusdaemoniorum

374 2165 598 2218 facientes
623 2163 769 2219 signa,
804 2169 848 2204 et
868 2174 1025 2216 proce-

386 2230 496 2271 dunt
512 2229 570 2270 ad
588 2241 717 2284 reges
733 2228 865 2270 totius
880 2233 1026 2268 terrae

386 2305 662 2349 congregare
691 2292 793 2333 illos
819 2291 864 2332 in
887 2303 1024 2345 prae-

388 2358 494 2399 lium
509 2357 568 2398 ad
585 2356 699 2399 diem
715 2368 920 2411 magnum
937 2367 1026 2396 om-

384 2421 618 2476 nipotentis
653 2421 755 2463 Dei.
784 2421 874 2475 (15)
907 2421 1024 2462 Ecce

383 2489 506 2529 venio
524 2487 639 2528 sicut
654 2487 749 2539 fur.
771 2486 935 2527 Beatus
949 2484 1025 2540 qui

383 2552 556 2606 vigilat,
596 2559 640 2593 et
674 2551 863 2594 custodit
895 2550 1025 2593 vesti-

385 2623 527 2657 menta
545 2630 638 2668 sua,
658 2630 711 2658 ne
728 2616 869 2658 nudus
881 2616 1026 2657 ambu-

389 2681 448 2725 let
465 2688 507 2723 et
524 2680 699 2724 videant
717 2682 1027 2736 turpitudinem

1669 1706 1683 1723 ,

1143 1770 1275 1824 (XVI,
1313 1770 1377 1823 13)
1417 1769 1541 1811 Tm.
1577 1770 1636 1811 Et
1673 1782 1725 1823 ge

1089 1837 1131 1878 vi
1152 1837 1204 1878 de
1224 1836 1266 1876 la
1286 1834 1457 1876 bouche
1478 1847 1534 1876 au
1557 1835 1726 1889 dragun

1091 1904 1130 1943 δι
1149 1902 1202 1943 de
1219 1901 1263 1943 la
1282 1899 1454 1941 bouche
1473 1912 1498 1940 a
1517 1899 1528 1917 ¹
1546 1898 1590 1941 la
1609 1898 1726 1940 beste

1091 1971 1131 2011 &
1150 1969 1203 2009 de
1231 1969 1273 2010 la
1300 1963 1472 2005 bouche
1500 1976 1556 2006 au
1582 1964 1597 1981 ²
1631 1963 1726 2006 faus

1091 2029 1325 2084 prophetes
1358 2029 1482 2071 eissir
1501 2029 1515 2051 ³
1532 2028 1640 2072 trois
1657 2041 1726 2070 es-

1091 2093 1202 2149 piriz
1213 2107 1289 2135 orz
1301 2095 1314 2117 ⁴
1327 2108 1352 2136 a
1365 2095 1407 2136 la
1419 2094 1610 2136 muniere
1623 2094 1700 2134 des
1713 2092 1727 2114 ⁵

1090 2172 1240 2200 reenes
1267 2160 1294 2201 ⁶.
1330 2160 1415 2214 (14)
1455 2159 1548 2202 Ceo
1581 2157 1607 2179 '¹⁴
1625 2167 1727 2199 sunt

1091 2224 1248 2279 espiriz
1278 2226 1331 2266 de
1356 2223 1522 2265 diables
1550 2222 1565 2244 ⁵
1589 2222 1728 2263 sesant

1090 2289 1315 2341 miracles3
1338 2299 1379 2330 et
1397 2288 1517 2330 irunt
1534 2297 1662 2328 avant
1680 2299 1727 2328 as

1090 2355 1180 2396 tois
1198 2356 1251 2396 de
1271 2364 1390 2396 toute
1419 2354 1461 2395 la
1480 2363 1595 2411 'terre
1613 2351 1628 2374 ⁹
1659 2364 1728 2393 as-

1090 2419 1278 2461 sembler
1314 2419 1377 2460 les
1394 2419 1426 2436 '⁰
1444 2430 1514 2459 em
1552 2416 1728 2458 bataille

1090 2498 1144 2526 au
1191 2494 1316 2539 grant
1368 2483 1437 2538 jur
1483 2482 1614 2536 De[u]
1662 2491 1729 2524 tut

1090 2559 1308 2605 poessant‚
1326 2548 1370 2589 ki
1387 2548 1473 2590 dist
1493 2560 1504 2590 :
1523 2548 1556 2602 (1
1569 2547 1608 2602 5)
1625 2547 1728 2588 Este

1091 2627 1184 2666 vos,
1197 2627 1248 2669 ge
1262 2626 1374 2667 veng
1390 2625 1562 2654 comme
1581 2610 1723 2654 lierre.

1093 2680 1150 2722 Et
1165 2679 1222 2721 cil
1241 2689 1305 2720 est
1323 2678 1492 2720 bonure
1518 2676 1596 2732 qui
1614 2675 1732 2719 veile-
