1910 3158
395 330 421 363 2
725 314 1057 360 L’APocALYPsE
1086 327 1145 360 EN
1175 327 1397 374 sung-„Ais

421 439 542 488 ,(Fol.
562 450 586 477 2
607 438 656 486 νο)
679 437 827 475 Gnosis.
866 437 945 474 Par
978 435 1083 475 seint
1105 436 1238 475 Johan
1266 445 1361 476 sunt
1391 437 1549 489 signifi&
1578 436 1608 476 li
1642 429 1726 477 ben

390 499 518 550 prelat
538 498 588 536 de
604 496 731 535 seinte
749 495 858 534 Glise
878 495 948 545 qui
964 503 1038 534 unt
1050 495 1062 514 ¹
1078 495 1118 533 la
1130 495 1220 534 voiz
1236 496 1302 535 del
1315 497 1582 548 euvangile,&
1590 505 1728 536 enten-

392 559 489 598 dent
514 568 592 607 que
617 556 656 593 la
681 566 847 594 mansee
867 554 933 593 del
952 555 1169 605 jugement,
1196 554 1266 604 qui
1293 565 1354 596 est
1377 555 1567 607 signefiee
1598 568 1671 607 par
1687 555 1727 594 la

393 617 550 664 busine,
575 616 634 653 les
662 623 820 652 semunt
839 613 935 664 qu’il
955 622 1121 652 mettent
1147 626 1197 652 en
1227 626 1345 654 eovre
1367 627 1439 654 ceo
1469 615 1565 666 qu’il
1590 615 1728 654 voient

393 689 443 714 en
468 674 703 723 esci-iprum,
718 674 754 711 δι
772 685 846 723 par
867 673 1021 722 [bone²]
1036 673 1211 722 esample
1226 674 1490 724 enseingnent
1511 675 1570 713 les
1591 683 1726 713 autres

393 737 442 773 de
460 736 473 757 ³
493 735 587 773 bien
606 734 706 773 fere.

438 852 466 875 1.
486 842 590 875 Cette
606 839 704 873 faute
717 846 771 873 est
787 848 986 872 commune
1000 838 1021 872 ὲ
1037 845 1119 873 tous
1135 839 1189 873 les
1200 840 1421 874 manuscrits
1437 840 1592 884 anglais3
1607 839 1634 874 il
1649 839 1727 874 faut

391 899 474 929 oent
485 904 534 928 ou
547 893 656 935 oient,
679 894 783 933 lecon
803 893 868 936 qui
883 902 922 926 se
937 899 1066 926 trouve
1085 893 1177 926 daus
1191 893 1376 936 plusieurs
1391 894 1612 928 manuscrits
1628 893 1727 927 fran-

391 948 479 988 cais.
500 965 539 972 -—
563 957 596 980 2.
614 947 780 980 Restitue
799 946 943 990 d’apres
960 946 988 979 B
1005 946 1051 980 C.
1077 964 1119 971 —
1140 945 1172 981 3.
1190 946 1250 980 BC
1268 956 1305 980 a.

446 1072 497 1125 (I,
556 1071 618 1125 12)
686 1071 751 1112 Et
794 1083 1025 1111 conversus

390 1149 486 1178 sum
501 1135 745 1177 utviderem
760 1148 902 1176 vocem
914 1147 1025 1189 quae

395 1201 650 1256 loquebatur
668 1213 846 1249 mecum,
868 1206 910 1240 et
927 1213 1024 1240 con-

392 1278 541 1308 versus
568 1264 659 1307 vidi
685 1271 845 1319 septem
870 1263 1025 1304 cande-

395 1330 520 1371 labra
567 1342 718 1376 aurea,
761 1329 843 1382 (13)
899 1334 942 1369 et
977 1327 1022 1368 in

393 1395 532 1436 medio
554 1401 715 1448 septem
737 1392 1023 1435 candelabro-

393 1473 491 1501 rum
554 1472 788 1501 aureorum
837 1457 1024 1499 similem

391 1525 510 1567 Filio
567 1524 768 1572 hominis,
825 1524 1023 1565 vestitum

383 1590 551 1644 podere
581 1596 625 1631 et
639 1588 939 1644 praecinctum
965 1586 1025 1628 ad

391 1654 609 1695 mamillas
628 1667 736 1708 zona
756 1665 906 1694 aurea.
939 1651 951 1705 (
959 1651 1020 1704 14)

393 1720 535 1774 Caput
568 1726 711 1760 autem
750 1718 843 1773 ejus
879 1723 922 1758 et
953 1729 1023 1757 ca-

382 1783 489 1837 pilli
536 1789 663 1824 erant
707 1781 884 1824 candidi
917 1788 1022 1822 tam·

389 1861 519 1902 quam
556 1849 657 1889 lana
693 1848 794 1888 alba
839 1853 882 1890 et
917 1853 1022 1888 tam-

390 1925 519 1967 quam
554 1912 648 1960 nix,
689 1919 732 1954 et
765 1911 883 1954 oculi
929 1911 1022 1966 ejus

392 1983 608 2031 tamquam
649 1978 838 2033 flamma
888 1976 1018 2032 ignis,

393 2042 475 2095 (15)
506 2048 550 2083 et
573 2043 706 2096 pedes
739 2042 832 2097 ejus
856 2041 1020 2084 similes

390 2107 657 2157 aurichalco,
697 2106 810 2148 sicut
855 2106 898 2147 in
947 2118 1021 2148 ca-

391 2171 506 2212 mino
525 2171 713 2223 ardenti,
735 2178 778 2212 et
794 2184 880 2212 vox
899 2170 1020 2211 illius

391 2240 607 2290 tamquam
663 2249 748 2276 vox
806 2248 1019 2290 aquarum

388 2302 635 2341 multarum.
668 2300 754 2354 (16)
789 2300 853 2341 Et
890 2300 1016 2341 habe-

390 2365 464 2405 bat
481 2365 525 2406 in
553 2365 737 2406 dextera
763 2377 843 2405 sua
866 2366 1017 2405 stellas

387 2436 558 2482 septem,
581 2436 624 2470 et
641 2428 694 2470 de
713 2441 791 2470 ore
809 2428 902 2483 ejus
916 2429 1014 2483 gla-

387 2492 484 2533 dius
504 2500 686 2547 utraque
707 2500 838 2546 parte
863 2499 1016 2533 acutus

388 2557 548 2608 exibat,
566 2564 608 2597 et
612 2557 764 2612 facies
783 2557 876 2611 ejus
901 2556 1016 2597 sicut

387 2622 453 2660 sol
474 2622 587 2661 lucet
606 2621 648 2661 in
670 2621 827 2661 virtute
844 2634 939 2662 sua.

1151 1071 1263 1124 (Fol.
1295 1071 1328 1112 3
1361 1079 1435 1120 νος
1478 1070 1514 1122 1,
1561 1072 1624 1127 12)
1671 1072 1727 1115 Et

1096 1148 1147 1190 ge
1168 1148 1237 1176 me
1257 1135 1448 1177 returnai
1478 1149 1559 1190 por
1585 1150 1659 1178 ver
1685 1137 1727 1178 la

1094 1200 1193 1241 voiz
1207 1200 1283 1254 qui
1303 1200 1424 1255 parla
1442 1213 1467 1242 a
1487 1201 1498 1217 ¹
1518 1214 1637 1256 moy,
1660 1203 1700 1243 &
1713 1202 1727 1220 ²

1094 1265 1137 1306 vi
1160 1276 1223 1306 set
1246 1265 1558 1307 chandelabres
1579 1266 1633 1307 de
1658 1279 1724 1319 or,

1094 1330 1185 1384 (13)
1205 1331 1245 1371 ἃ
1262 1344 1315 1371 en
1336 1330 1396 1371 mi
1416 1331 1478 1371 les
1493 1340 1556 1371 set
1570 1331 1726 1372 cande-

1094 1394 1236 1436 labres
1268 1408 1328 1435 un
1355 1395 1432 1449 qui
1463 1394 1727 1439 resemblot³

1094 1457 1135 1499 le
1156 1458 1210 1499 fiz
1230 1459 1282 1500 de
1302 1459 1344 1500 la
1367 1459 1497 1514 Virge
1517 1459 1544 1510 ⁴,
1567 1458 1643 1514 qui
1663 1473 1725 1501 es·

1095 1522 1175 1564 toit
1193 1534 1316 1565 vestu
1338 1524 1391 1564 de
1416 1524 1526 1565 aube
1551 1524 1681 1566 deske
1701 1537 1726 1565 a

1096 1598 1221 1639 terre,
1248 1590 1288 1630 &
1318 1588 1434 1630 ceint
1452 1587 1499 1630 es
1518 1588 1725 1631 mameles

1095 1654 1147 1694 de
1161 1666 1247 1694 une
1262 1653 1455 1705 ceinture
1468 1655 1521 1695 de
1532 1666 1583 1695 or
1592 1653 1619 1696 ⁵.
1637 1653 1722 1708 (14)

1095 1717 1189 1759 Sun
1219 1717 1339 1759 chief
1366 1719 1406 1759 ἃ
1437 1731 1504 1760 ses
1537 1718 1724 1760 cheveus

1094 1781 1239 1824 furent
1250 1783 1265 1805 ⁶
1275 1782 1402 1823 blanc
1421 1795 1592 1825 comme
1609 1781 1724 1835 laine

1094 1846 1279 1889 blanche
1299 1848 1544 1891 et⁷comme
1559 1847 1662 1901 neif,
1684 1839 1724 1890 &

1094 1926 1161 1953 ses
1184 1912 1271 1954 oilz
1296 1912 1467 1954 comme
1494 1912 1652 1969 flembe
1668 1911 1723 1969 yde

1094 1977 1181 2027 feu,
1201 1978 1283 2032 (15)
1305 1979 1345 2019 &
1364 1991 1431 2019 ses
1452 1977 1546 2032 piez
1566 1981 1721 2018 resem-

1094 2042 1260 2083 blerent
1279 2041 1426 2084 archal
1438 2038 1451 2064 ⁸
1465 2040 1722 2096 en‘forneise

1092 2108 1258 2148 ardant.
1283 2106 1339 2147 Sa
1361 2106 1460 2150 voiz'
1490 2104 1620 2148 estoit
1644 2105 1722 2146 a'u'-

1091 2172 1172 2212 tele
1187 2184 1358 2213 comme
1377 2171 1474 2212 voiz
1492 2171 1544 2212 de
1564 2170 1722 2212 multes

1090 2249 1203 2284 eves,
1226 2237 1308 2290 (16)
1327 2237 1367 2278 &
1395 2235 1425 2290 il
1457 2235 1568 2277 aveit
1593 2247 1646 2276 en
1675 2247 1722 2276 sa

1090 2301 1207 2342 main
1233 2301 1247 2322 ⁹
1266 2301 1410 2341 dextre
1436 2310 1499 2340 set
1519 2297 1718 2350 esteilles‚

1089 2366 1127 2405 &
1158 2365 1210 2405 de
1231 2378 1277 2405 sa
1291 2358 1460 2405 bouche
1480 2362 1534 2416 isi
1554 2375 1639 2404 une
1658 2375 1723 2403 es-

1088 2432 1165 2483 pee
1202 2428 1430 2482 trenchant
1473 2428 1526 2467 de
1572 2427 1720 2468 arnbe-

1087 2493 1198 2532 dous
1214 2493 1241 2509 ¹⁰
1253 2506 1369 2546 parz‚
1382 2493 1421 2532 &
1432 2505 1478 2532 sa
1493 2491 1583 2532 face
1593 2489 1721 2532 estoit

1085 2556 1225 2596 autele
1274 2569 1397 2596 come
1459 2555 1536 2596 nul
1595 2552 1720 2596 so'leil

1083 2631 1217 2674 quant
1237 2621 1268 2660 il
1288 2620 1370 2660 luit
1390 2620 1487 2673 plus
1508 2619 1595 2660 cler
1609 2619 1649 2659 ¹¹.

435 2729 462 2751 1.
482 2719 539 2752 BC
563 2720 619 2752 od.
637 2738 677 2744 —
694 2730 724 2752 2.
746 2721 773 2752 B
789 2720 911 2762 ajoute
922 2721 998 2764 Jeo,
1019 2721 1047 2753 C
1059 2721 1113 2764 je.
1134 2737 1175 2746 -
1199 2720 1230 2753 3.
1248 2720 1277 2753 C
1295 2730 1340 2752 un
1363 2720 1406 2752 ke
1427 2723 1531 2753 secut
1544 2729 1565 2752 e
1589 2727 1720 2752 resem-
