<?xml version="1.0" encoding="UTF-8"?>
<!DOCTYPE html PUBLIC "-//W3C//DTD XHTML 1.0 Transitional//EN"
    "http://www.w3.org/TR/xhtml1/DTD/xhtml1-transitional.dtd">
<html xmlns="http://www.w3.org/1999/xhtml" xml:lang="en" lang="en">
 <head>
  <title>
</title>
<meta http-equiv="Content-Type" content="text/html;charset=utf-8" />
  <meta name='ocr-system' content='tesseract 3.04.00' />
  <meta name='ocr-capabilities' content='ocr_page ocr_carea ocr_par ocr_line ocrx_word'/>
</head>
<body>
  <div class='ocr_page' id='page_1' title='image "./lapocalypseenfra00deliuoft_0158.png"; bbox 0 0 1910 3158; ppageno 0'>
   <div class='ocr_carea' id='block_1_1' title="bbox 391 281 558 315">
    <p class='ocr_par' dir='ltr' id='par_1_1' title="bbox 391 281 558 315">
     <span class='ocr_line' id='line_1_1' title="bbox 391 281 558 315; baseline -0.012 0"><span class='ocrx_word' id='word_1_1' title='bbox 391 281 558 315; x_wconf 79' lang='lat' dir='ltr'>CXLVIII</span> 
     </span>
    </p>
   </div>
   <div class='ocr_carea' id='block_1_2' title="bbox 382 1167 1019 1660">
    <p class='ocr_par' dir='ltr' id='par_1_2' title="bbox 382 1167 1019 1660">
     <span class='ocr_line' id='line_1_2' title="bbox 435 1167 1018 1207; baseline 0.005 -3"><span class='ocrx_word' id='word_1_2' title='bbox 435 1168 513 1204; x_wconf 85' lang='lat' dir='ltr'>Per</span> <span class='ocrx_word' id='word_1_3' title='bbox 548 1178 690 1205; x_wconf 86' lang='lat' dir='ltr'>vocem</span> <span class='ocrx_word' id='word_1_4' title='bbox 733 1167 842 1204; x_wconf 90' lang='lat' dir='ltr'>illius</span> <span class='ocrx_word' id='word_1_5' title='bbox 881 1177 1018 1207; x_wconf 83' lang='lat' dir='ltr'>sancta</span> 
     </span>
     <span class='ocr_line' id='line_1_3' title="bbox 383 1230 1019 1281; baseline 0.002 -12"><span class='ocrx_word' id='word_1_6' title='bbox 383 1230 608 1280; x_wconf 80' lang='lat' dir='ltr'>predicatio</span> <span class='ocrx_word' id='word_1_7' title='bbox 654 1231 909 1280; x_wconf 78' lang='lat' dir='ltr'>designatur3</span> <span class='ocrx_word' id='word_1_8' title='bbox 947 1244 1019 1281; x_wconf 88' lang='lat' dir='ltr'>per</span> 
     </span>
     <span class='ocr_line' id='line_1_4' title="bbox 385 1297 1016 1348; baseline 0.003 -14"><span class='ocrx_word' id='word_1_9' title='bbox 385 1297 521 1335; x_wconf 79' lang='lat' dir='ltr'>stellas</span> <span class='ocrx_word' id='word_1_10' title='bbox 552 1297 720 1346; x_wconf 79' lang='lat' dir='ltr'>prelati3</span> <span class='ocrx_word' id='word_1_11' title='bbox 745 1310 817 1347; x_wconf 89' lang='lat' dir='ltr'>per</span> <span class='ocrx_word' id='word_1_12' title='bbox 845 1311 892 1337; x_wconf 90' lang='lat' dir='ltr'>os</span> <span class='ocrx_word' id='word_1_13' title='bbox 919 1311 1016 1348; x_wconf 57' lang='lat' dir='ltr'>⁴pre-</span> 
     </span>
     <span class='ocr_line' id='line_1_5' title="bbox 384 1361 1016 1412; baseline 0.005 -13"><span class='ocrx_word' id='word_1_14' title='bbox 384 1361 607 1408; x_wconf 82' lang='lat' dir='ltr'>dicatores;</span> <span class='ocrx_word' id='word_1_15' title='bbox 627 1374 701 1412; x_wconf 86' lang='lat' dir='ltr'>per</span> <span class='ocrx_word' id='word_1_16' title='bbox 720 1363 913 1412; x_wconf 82' lang='lat' dir='ltr'>gladium,</span> <span class='ocrx_word' id='word_1_17' title='bbox 927 1376 1016 1402; x_wconf 89' lang='lat' dir='ltr'>ver-</span> 
     </span>
     <span class='ocr_line' id='line_1_6' title="bbox 385 1427 1016 1481; baseline 0.003 -18"><span class='ocrx_word' id='word_1_18' title='bbox 385 1427 480 1464; x_wconf 90' lang='lat' dir='ltr'>bum</span> <span class='ocrx_word' id='word_1_19' title='bbox 497 1427 587 1481; x_wconf 76' lang='lat' dir='ltr'>Dei,</span> <span class='ocrx_word' id='word_1_20' title='bbox 605 1429 716 1477; x_wconf 87' lang='lat' dir='ltr'>quod</span> <span class='ocrx_word' id='word_1_21' title='bbox 737 1440 786 1466; x_wconf 82' lang='lat' dir='ltr'>ex</span> <span class='ocrx_word' id='word_1_22' title='bbox 805 1440 888 1467; x_wconf 79' lang='lat' dir='ltr'>una</span> <span class='ocrx_word' id='word_1_23' title='bbox 904 1437 1016 1477; x_wconf 79' lang='lat' dir='ltr'>parte</span> 
     </span>
     <span class='ocr_line' id='line_1_7' title="bbox 383 1491 1018 1541; baseline 0 -13"><span class='ocrx_word' id='word_1_24' title='bbox 383 1501 542 1539; x_wconf 77' lang='lat' dir='ltr'>separat</span> <span class='ocrx_word' id='word_1_25' title='bbox 561 1493 750 1541; x_wconf 87' lang='lat' dir='ltr'>spiritum</span> <span class='ocrx_word' id='word_1_26' title='bbox 767 1505 789 1531; x_wconf 81' lang='lat' dir='ltr'>a</span> <span class='ocrx_word' id='word_1_27' title='bbox 811 1493 893 1531; x_wconf 81' lang='lat' dir='ltr'>suis</span> <span class='ocrx_word' id='word_1_28' title='bbox 913 1491 1018 1531; x_wconf 90' lang='lat' dir='ltr'>desi-</span> 
     </span>
     <span class='ocr_line' id='line_1_8' title="bbox 382 1555 1016 1606; baseline 0.002 -14"><span class='ocrx_word' id='word_1_29' title='bbox 382 1555 520 1602; x_wconf 87' lang='lat' dir='ltr'>deriis,</span> <span class='ocrx_word' id='word_1_30' title='bbox 537 1565 578 1594; x_wconf 92' lang='lat' dir='ltr'>et</span> <span class='ocrx_word' id='word_1_31' title='bbox 593 1569 642 1595; x_wconf 87' lang='lat' dir='ltr'>ex</span> <span class='ocrx_word' id='word_1_32' title='bbox 655 1558 782 1595; x_wconf 79' lang='lat' dir='ltr'>altera</span> <span class='ocrx_word' id='word_1_33' title='bbox 801 1565 914 1606; x_wconf 77' lang='lat' dir='ltr'>parte</span> <span class='ocrx_word' id='word_1_34' title='bbox 933 1567 1016 1594; x_wconf 78' lang='lat' dir='ltr'>car—</span> 
     </span>
     <span class='ocr_line' id='line_1_9' title="bbox 382 1621 1013 1660; baseline 0.003 -4"><span class='ocrx_word' id='word_1_35' title='bbox 382 1631 474 1657; x_wconf 89' lang='lat' dir='ltr'>nem</span> <span class='ocrx_word' id='word_1_36' title='bbox 486 1633 508 1658; x_wconf 86' lang='lat' dir='ltr'>a</span> <span class='ocrx_word' id='word_1_37' title='bbox 519 1621 754 1660; x_wconf 80' lang='lat' dir='ltr'>curiositate</span> <span class='ocrx_word' id='word_1_38' title='bbox 766 1621 1013 1660; x_wconf 87' lang='lat' dir='ltr'><strong>delitiarum.</strong></span> 
     </span>
    </p>
   </div>
   <div class='ocr_carea' id='block_1_3' title="bbox 524 1728 531 1749">
    <p class='ocr_par' dir='ltr' id='par_1_3' title="bbox 524 1728 531 1749">
     <span class='ocr_line' id='line_1_10' title="bbox 524 1728 531 1749; baseline 0 0"><span class='ocrx_word' id='word_1_39' title='bbox 524 1728 531 1749; x_wconf 87' lang='grc'><em>1</em></span> 
     </span>
    </p>
   </div>
   <div class='ocr_carea' id='block_1_4' title="bbox 369 2065 1012 2689">
    <p class='ocr_par' dir='ltr' id='par_1_4' title="bbox 369 2065 1012 2689">
     <span class='ocr_line' id='line_1_11' title="bbox 424 2065 1012 2115; baseline 0.003 -13"><span class='ocrx_word' id='word_1_40' title='bbox 424 2065 516 2103; x_wconf 90' lang='lat' dir='ltr'>Hoc</span> <span class='ocrx_word' id='word_1_41' title='bbox 524 2067 635 2115; x_wconf 85' lang='lat' dir='ltr'>quod</span> <span class='ocrx_word' id='word_1_42' title='bbox 652 2066 672 2104; x_wconf 91' lang='lat' dir='ltr'>J</span> <span class='ocrx_word' id='word_1_43' title='bbox 676 2067 857 2106; x_wconf 84' lang='lat' dir='ltr'>ohannes</span> <span class='ocrx_word' id='word_1_44' title='bbox 867 2067 1012 2106; x_wconf 89' lang='lat' dir='ltr'>cecidit</span> 
     </span>
     <span class='ocr_line' id='line_1_12' title="bbox 376 2130 1011 2180; baseline 0.002 -13"><span class='ocrx_word' id='word_1_45' title='bbox 376 2130 427 2167; x_wconf 80' lang='lat' dir='ltr'>ad</span> <span class='ocrx_word' id='word_1_46' title='bbox 453 2131 577 2180; x_wconf 87' lang='lat' dir='ltr'>pedes</span> <span class='ocrx_word' id='word_1_47' title='bbox 614 2131 778 2169; x_wconf 89' lang='lat' dir='ltr'>Domini</span> <span class='ocrx_word' id='word_1_48' title='bbox 812 2131 1011 2180; x_wconf 83' lang='lat' dir='ltr'>significat</span> 
     </span>
     <span class='ocr_line' id='line_1_13' title="bbox 375 2195 1010 2245; baseline 0.003 -13"><span class='ocrx_word' id='word_1_49' title='bbox 375 2196 486 2243; x_wconf 90' lang='lat' dir='ltr'>quod</span> <span class='ocrx_word' id='word_1_50' title='bbox 515 2195 659 2245; x_wconf 83' lang='lat' dir='ltr'>prelati</span> <span class='ocrx_word' id='word_1_51' title='bbox 691 2197 840 2234; x_wconf 89' lang='lat' dir='ltr'>debent</span> <span class='ocrx_word' id='word_1_52' title='bbox 857 2195 1010 2234; x_wconf 86' lang='lat' dir='ltr'>intente</span> 
     </span>
     <span class='ocr_line' id='line_1_14' title="bbox 372 2259 1008 2307; baseline 0.005 -12"><span class='ocrx_word' id='word_1_53' title='bbox 372 2259 569 2307; x_wconf 88' lang='lat' dir='ltr'>populum</span> <span class='ocrx_word' id='word_1_54' title='bbox 587 2261 662 2299; x_wconf 90' lang='lat' dir='ltr'>Dei</span> <span class='ocrx_word' id='word_1_55' title='bbox 685 2260 728 2298; x_wconf 91' lang='lat' dir='ltr'>in</span> <span class='ocrx_word' id='word_1_56' title='bbox 753 2260 1008 2299; x_wconf 90' lang='lat' dir='ltr'>confessione</span> 
     </span>
     <span class='ocr_line' id='line_1_15' title="bbox 373 2322 1009 2373; baseline 0.008 -14"><span class='ocrx_word' id='word_1_57' title='bbox 373 2322 422 2360; x_wconf 92' lang='lat' dir='ltr'>de</span> <span class='ocrx_word' id='word_1_58' title='bbox 445 2324 623 2371; x_wconf 70' lang='lat' dir='ltr'>peccatis</span> <span class='ocrx_word' id='word_1_59' title='bbox 641 2325 864 2364; x_wconf 88' lang='lat' dir='ltr'>consulere.</span> <span class='ocrx_word' id='word_1_60' title='bbox 887 2326 1009 2373; x_wconf 84' lang='lat' dir='ltr'>Quod</span> 
     </span>
     <span class='ocr_line' id='line_1_16' title="bbox 373 2387 1007 2439; baseline 0.008 -16"><span class='ocrx_word' id='word_1_61' title='bbox 373 2387 570 2426; x_wconf 86' lang='lat' dir='ltr'>Dominus</span> <span class='ocrx_word' id='word_1_62' title='bbox 598 2389 1007 2439; x_wconf 68' lang='lat' dir='ltr'>apposuitdexteram</span> 
     </span>
     <span class='ocr_line' id='line_1_17' title="bbox 372 2454 1006 2503; baseline 0 -11"><span class='ocrx_word' id='word_1_63' title='bbox 372 2463 502 2500; x_wconf 61' lang='lat' dir='ltr'>super„</span> <span class='ocrx_word' id='word_1_64' title='bbox 527 2464 632 2497; x_wconf 81' lang='lat' dir='ltr'>eum,</span> <span class='ocrx_word' id='word_1_65' title='bbox 665 2454 865 2503; x_wconf 81' lang='lat' dir='ltr'>significat</span> <span class='ocrx_word' id='word_1_66' title='bbox 893 2455 1006 2503; x_wconf 87' lang='lat' dir='ltr'>quod</span> 
     </span>
     <span class='ocr_line' id='line_1_18' title="bbox 371 2515 1004 2568; baseline 0.006 -16"><span class='ocrx_word' id='word_1_67' title='bbox 371 2515 439 2558; x_wconf 70' lang='lat' dir='ltr'>dat</span> <span class='ocrx_word' id='word_1_68' title='bbox 464 2517 628 2564; x_wconf 59' lang='lat' dir='ltr'>prelatis</span> <span class='ocrx_word' id='word_1_69' title='bbox 653 2517 832 2567; x_wconf 88' lang='lat' dir='ltr'>vigorem</span> <span class='ocrx_word' id='word_1_70' title='bbox 866 2527 906 2556; x_wconf 90' lang='lat' dir='ltr'>et</span> <span class='ocrx_word' id='word_1_71' title='bbox 931 2531 1004 2568; x_wconf 83' lang='lat' dir='ltr'>pa—</span> 
     </span>
     <span class='ocr_line' id='line_1_19' title="bbox 369 2579 1005 2631; baseline 0.008 -15"><span class='ocrx_word' id='word_1_72' title='bbox 369 2579 562 2618; x_wconf 84' lang='lat' dir='ltr'>cienciam</span> <span class='ocrx_word' id='word_1_73' title='bbox 573 2583 902 2631; x_wconf 84' lang='lat' dir='ltr'>persecutionum</span> <span class='ocrx_word' id='word_1_74' title='bbox 914 2595 1005 2631; x_wconf 81' lang='lat' dir='ltr'>con-</span> 
     </span>
     <span class='ocr_line' id='line_1_20' title="bbox 369 2646 716 2689; baseline 0.012 -7"><span class='ocrx_word' id='word_1_75' title='bbox 369 2653 428 2683; x_wconf 79' lang='lat' dir='ltr'>tra</span> <span class='ocrx_word' id='word_1_76' title='bbox 454 2646 673 2689; x_wconf 80' lang='lat' dir='ltr'>diabolum.</span> <span class='ocrx_word' id='word_1_77' title='bbox 714 2664 716 2666; x_wconf 95' lang='lat'>·</span> 
     </span>
    </p>
   </div>
   <div class='ocr_carea' id='block_1_5' title="bbox 878 275 1228 310">
    <p class='ocr_par' dir='ltr' id='par_1_5' title="bbox 878 275 1228 310">
     <span class='ocr_line' id='line_1_21' title="bbox 878 275 1228 310; baseline 0 0"><span class='ocrx_word' id='word_1_78' title='bbox 878 275 1228 310; x_wconf 79' lang='lat' dir='ltr'>COMMENTAIRES</span> 
     </span>
    </p>
   </div>
   <div class='ocr_carea' id='block_1_6' title="bbox 1075 387 1723 2689">
    <p class='ocr_par' dir='ltr' id='par_1_6' title="bbox 1090 387 1723 1147">
     <span class='ocr_line' id='line_1_22' title="bbox 1091 387 1721 438; baseline 0.002 -13"><span class='ocrx_word' id='word_1_79' title='bbox 1091 388 1149 426; x_wconf 91' lang='lat' dir='ltr'>les</span> <span class='ocrx_word' id='word_1_80' title='bbox 1186 397 1319 426; x_wconf 83' lang='lat' dir='ltr'>autres</span> <span class='ocrx_word' id='word_1_81' title='bbox 1356 387 1606 426; x_wconf 86' lang='lat' dir='ltr'>enluminent</span> <span class='ocrx_word' id='word_1_82' title='bbox 1648 399 1721 438; x_wconf 76' lang='lat' dir='ltr'>par</span> 
     </span>
     <span class='ocr_line' id='line_1_23' title="bbox 1091 452 1721 502; baseline -0.002 -12"><span class='ocrx_word' id='word_1_83' title='bbox 1091 452 1274 490; x_wconf 86' lang='lat' dir='ltr'>doctrine</span> <span class='ocrx_word' id='word_1_84' title='bbox 1313 461 1353 491; x_wconf 93' lang='lat' dir='ltr'>et</span> <span class='ocrx_word' id='word_1_85' title='bbox 1383 452 1616 491; x_wconf 81' lang='lat' dir='ltr'>eschaufent</span> <span class='ocrx_word' id='word_1_86' title='bbox 1649 464 1721 502; x_wconf 76' lang='lat' dir='ltr'>par</span> 
     </span>
     <span class='ocr_line' id='line_1_24' title="bbox 1092 517 1723 566; baseline -0.002 -11"><span class='ocrx_word' id='word_1_87' title='bbox 1092 517 1288 566; x_wconf 86' lang='lat' dir='ltr'>essample</span> <span class='ocrx_word' id='word_1_88' title='bbox 1307 517 1356 555; x_wconf 91' lang='lat' dir='ltr'>de</span> <span class='ocrx_word' id='word_1_89' title='bbox 1377 518 1482 555; x_wconf 90' lang='lat' dir='ltr'>bone</span> <span class='ocrx_word' id='word_1_90' title='bbox 1496 529 1629 555; x_wconf 90' lang='lat' dir='ltr'>eovre.</span> <span class='ocrx_word' id='word_1_91' title='bbox 1643 517 1723 554; x_wconf 80' lang='lat' dir='ltr'>Par</span> 
     </span>
     <span class='ocr_line' id='line_1_25' title="bbox 1092 581 1721 631; baseline 0 -12"><span class='ocrx_word' id='word_1_92' title='bbox 1092 593 1154 619; x_wconf 87' lang='lat' dir='ltr'>ses</span> <span class='ocrx_word' id='word_1_93' title='bbox 1191 581 1280 630; x_wconf 89' lang='lat' dir='ltr'>piez</span> <span class='ocrx_word' id='word_1_94' title='bbox 1315 590 1409 620; x_wconf 90' lang='lat' dir='ltr'>sunt</span> <span class='ocrx_word' id='word_1_95' title='bbox 1438 581 1626 631; x_wconf 81' lang='lat' dir='ltr'>signefiez</span> <span class='ocrx_word' id='word_1_96' title='bbox 1662 581 1721 619; x_wconf 91' lang='lat' dir='ltr'>les</span> 
     </span>
     <span class='ocr_line' id='line_1_26' title="bbox 1092 645 1720 696; baseline 0.002 -13"><span class='ocrx_word' id='word_1_97' title='bbox 1092 657 1258 684; x_wconf 88' lang='lat' dir='ltr'>menues</span> <span class='ocrx_word' id='word_1_98' title='bbox 1272 656 1372 695; x_wconf 83' lang='lat' dir='ltr'>genz</span> <span class='ocrx_word' id='word_1_99' title='bbox 1386 657 1437 684; x_wconf 90' lang='lat' dir='ltr'>en</span> <span class='ocrx_word' id='word_1_100' title='bbox 1450 645 1578 685; x_wconf 86' lang='lat' dir='ltr'>seinte</span> <span class='ocrx_word' id='word_1_101' title='bbox 1586 645 1720 696; x_wconf 84' lang='lat' dir='ltr'>Yglise</span> 
     </span>
     <span class='ocr_line' id='line_1_27' title="bbox 1092 710 1720 759; baseline 0.002 -11"><span class='ocrx_word' id='word_1_102' title='bbox 1092 710 1162 759; x_wconf 92' lang='lat' dir='ltr'>qui</span> <span class='ocrx_word' id='word_1_103' title='bbox 1196 719 1288 749; x_wconf 87' lang='lat' dir='ltr'>sunt</span> <span class='ocrx_word' id='word_1_104' title='bbox 1313 723 1364 759; x_wconf 76' lang='lat' dir='ltr'>en</span> <span class='ocrx_word' id='word_1_105' title='bbox 1397 711 1437 750; x_wconf 77' lang='lat' dir='ltr'>la</span> <span class='ocrx_word' id='word_1_106' title='bbox 1465 710 1642 749; x_wconf 78' lang='lat' dir='ltr'>forneise</span> <span class='ocrx_word' id='word_1_107' title='bbox 1669 711 1720 749; x_wconf 88' lang='lat' dir='ltr'>de</span> 
     </span>
     <span class='ocr_line' id='line_1_28' title="bbox 1091 775 1720 826; baseline 0.005 -14"><span class='ocrx_word' id='word_1_108' title='bbox 1091 775 1182 813; x_wconf 80' lang='lat' dir='ltr'>Ieau</span> <span class='ocrx_word' id='word_1_109' title='bbox 1217 776 1374 823; x_wconf 83' lang='lat' dir='ltr'>labour,</span> <span class='ocrx_word' id='word_1_110' title='bbox 1407 785 1447 815; x_wconf 91' lang='lat' dir='ltr'>et</span> <span class='ocrx_word' id='word_1_111' title='bbox 1475 788 1550 826; x_wconf 75' lang='lat' dir='ltr'>par</span> <span class='ocrx_word' id='word_1_112' title='bbox 1575 788 1648 815; x_wconf 86' lang='lat' dir='ltr'>ceo</span> <span class='ocrx_word' id='word_1_113' title='bbox 1678 788 1720 814; x_wconf 85' lang='lat' dir='ltr'>se</span> 
     </span>
     <span class='ocr_line' id='line_1_29' title="bbox 1091 840 1719 890; baseline 0.005 -13"><span class='ocrx_word' id='word_1_114' title='bbox 1091 840 1286 878; x_wconf 90' lang='lat' dir='ltr'>mundent</span> <span class='ocrx_word' id='word_1_115' title='bbox 1305 841 1354 878; x_wconf 86' lang='lat' dir='ltr'>de</span> <span class='ocrx_word' id='word_1_116' title='bbox 1376 841 1537 890; x_wconf 70' lang='lat' dir='ltr'>pecche.</span> <span class='ocrx_word' id='word_1_117' title='bbox 1560 842 1657 890; x_wconf 80' lang='lat' dir='ltr'>[Par</span> <span class='ocrx_word' id='word_1_118' title='bbox 1674 853 1719 880; x_wconf 79' lang='lat' dir='ltr'>sa</span> 
     </span>
     <span class='ocr_line' id='line_1_30' title="bbox 1090 904 1719 956; baseline 0.003 -14"><span class='ocrx_word' id='word_1_119' title='bbox 1090 904 1179 942; x_wconf 90' lang='lat' dir='ltr'>voiz</span> <span class='ocrx_word' id='word_1_120' title='bbox 1200 914 1260 943; x_wconf 86' lang='lat' dir='ltr'>est</span> <span class='ocrx_word' id='word_1_121' title='bbox 1287 905 1456 954; x_wconf 73' lang='lat' dir='ltr'>signefie</span> <span class='ocrx_word' id='word_1_122' title='bbox 1473 905 1513 943; x_wconf 81' lang='lat' dir='ltr'>la</span> <span class='ocrx_word' id='word_1_123' title='bbox 1536 906 1719 956; x_wconf 78' lang='lat' dir='ltr'>predica-</span> 
     </span>
     <span class='ocr_line' id='line_1_31' title="bbox 1090 968 1718 1020; baseline 0.003 -14"><span class='ocrx_word' id='word_1_124' title='bbox 1090 968 1183 1006; x_wconf 92' lang='lat' dir='ltr'>cion</span> <span class='ocrx_word' id='word_1_125' title='bbox 1221 970 1272 1007; x_wconf 91' lang='lat' dir='ltr'>de</span> <span class='ocrx_word' id='word_1_126' title='bbox 1308 970 1435 1008; x_wconf 90' lang='lat' dir='ltr'>seinte</span> <span class='ocrx_word' id='word_1_127' title='bbox 1469 969 1618 1020; x_wconf 73' lang='lat' dir='ltr'>Eglise,</span> <span class='ocrx_word' id='word_1_128' title='bbox 1639 982 1718 1020; x_wconf 82' lang='lat' dir='ltr'>que</span> 
     </span>
     <span class='ocr_line' id='line_1_32' title="bbox 1090 1034 1721 1084; baseline 0.003 -12"><span class='ocrx_word' id='word_1_129' title='bbox 1090 1043 1151 1072; x_wconf 89' lang='lat' dir='ltr'>est</span> <span class='ocrx_word' id='word_1_130' title='bbox 1174 1043 1281 1073; x_wconf 88' lang='lat' dir='ltr'>nette</span> <span class='ocrx_word' id='word_1_131' title='bbox 1307 1035 1356 1072; x_wconf 91' lang='lat' dir='ltr'>de</span> <span class='ocrx_word' id='word_1_132' title='bbox 1375 1034 1541 1084; x_wconf 66' lang='lat' dir='ltr'>pecche]</span> <span class='ocrx_word' id='word_1_133' title='bbox 1560 1045 1721 1074; x_wconf 78' lang='lat' dir='ltr'>&#39;comme</span> 
     </span>
     <span class='ocr_line' id='line_1_33' title="bbox 1090 1099 1509 1147; baseline 0.005 -11"><span class='ocrx_word' id='word_1_134' title='bbox 1090 1110 1174 1137; x_wconf 86' lang='lat' dir='ltr'>ewe</span> <span class='ocrx_word' id='word_1_135' title='bbox 1195 1099 1244 1136; x_wconf 91' lang='lat' dir='ltr'>de</span> <span class='ocrx_word' id='word_1_136' title='bbox 1263 1099 1374 1147; x_wconf 85' lang='lat' dir='ltr'>f[r]et</span> <span class='ocrx_word' id='word_1_137' title='bbox 1394 1100 1509 1138; x_wconf 79' lang='lat' dir='ltr'>beue.</span> 
     </span>
    </p>

    <p class='ocr_par' dir='ltr' id='par_1_7' title="bbox 1080 1156 1722 2053">
     <span class='ocr_line' id='line_1_34' title="bbox 1138 1156 1722 1204; baseline 0.003 -2"><span class='ocrx_word' id='word_1_138' title='bbox 1138 1165 1216 1202; x_wconf 79' lang='lat' dir='ltr'>Par</span> <span class='ocrx_word' id='word_1_139' title='bbox 1237 1165 1296 1203; x_wconf 89' lang='lat' dir='ltr'>les</span> <span class='ocrx_word' id='word_1_140' title='bbox 1328 1174 1389 1204; x_wconf 90' lang='lat' dir='ltr'>set</span> <span class='ocrx_word' id='word_1_141' title='bbox 1418 1163 1592 1203; x_wconf 86' lang='lat' dir='ltr'>esteilles</span> <span class='ocrx_word' id='word_1_142' title='bbox 1629 1156 1722 1204; x_wconf 79' lang='lat' dir='ltr'>sunt</span> 
     </span>
     <span class='ocr_line' id='line_1_35' title="bbox 1090 1228 1721 1279; baseline 0.003 -13"><span class='ocrx_word' id='word_1_143' title='bbox 1090 1228 1255 1278; x_wconf 75' lang='lat' dir='ltr'>signefie</span> <span class='ocrx_word' id='word_1_144' title='bbox 1280 1230 1309 1267; x_wconf 90' lang='lat' dir='ltr'>li</span> <span class='ocrx_word' id='word_1_145' title='bbox 1328 1230 1457 1279; x_wconf 87' lang='lat' dir='ltr'>prelat</span> <span class='ocrx_word' id='word_1_146' title='bbox 1475 1229 1544 1279; x_wconf 92' lang='lat' dir='ltr'>qui</span> <span class='ocrx_word' id='word_1_147' title='bbox 1558 1229 1721 1268; x_wconf 88' lang='lat' dir='ltr'>deivent</span> 
     </span>
     <span class='ocr_line' id='line_1_36' title="bbox 1089 1293 1721 1333; baseline 0.002 -3"><span class='ocrx_word' id='word_1_148' title='bbox 1089 1293 1314 1332; x_wconf 89' lang='lat' dir='ltr'>enluminer</span> <span class='ocrx_word' id='word_1_149' title='bbox 1344 1295 1404 1333; x_wconf 90' lang='lat' dir='ltr'>les</span> <span class='ocrx_word' id='word_1_150' title='bbox 1429 1295 1526 1333; x_wconf 80' lang='lat' dir='ltr'>laies</span> <span class='ocrx_word' id='word_1_151' title='bbox 1556 1293 1597 1332; x_wconf 85' lang='lat' dir='ltr'>ki</span> <span class='ocrx_word' id='word_1_152' title='bbox 1626 1301 1721 1333; x_wconf 87' lang='lat' dir='ltr'>sunt</span> 
     </span>
     <span class='ocr_line' id='line_1_37' title="bbox 1089 1359 1716 1409; baseline 0.003 -14"><span class='ocrx_word' id='word_1_153' title='bbox 1089 1370 1140 1396; x_wconf 90' lang='lat' dir='ltr'>en</span> <span class='ocrx_word' id='word_1_154' title='bbox 1171 1359 1373 1397; x_wconf 90' lang='lat' dir='ltr'>teniebres</span> <span class='ocrx_word' id='word_1_155' title='bbox 1404 1360 1454 1398; x_wconf 92' lang='lat' dir='ltr'>de</span> <span class='ocrx_word' id='word_1_156' title='bbox 1484 1359 1716 1409; x_wconf 84' lang='lat' dir='ltr'>ignorance.</span> 
     </span>
     <span class='ocr_line' id='line_1_38' title="bbox 1089 1423 1712 1472; baseline -0.002 -12"><span class='ocrx_word' id='word_1_157' title='bbox 1089 1423 1173 1460; x_wconf 91' lang='lat' dir='ltr'>Ceo</span> <span class='ocrx_word' id='word_1_158' title='bbox 1211 1423 1306 1472; x_wconf 90' lang='lat' dir='ltr'>qu’il</span> <span class='ocrx_word' id='word_1_159' title='bbox 1337 1432 1431 1462; x_wconf 86' lang='lat' dir='ltr'>sunt</span> <span class='ocrx_word' id='word_1_160' title='bbox 1449 1435 1500 1461; x_wconf 89' lang='lat' dir='ltr'>en</span> <span class='ocrx_word' id='word_1_161' title='bbox 1524 1423 1563 1461; x_wconf 77' lang='lat' dir='ltr'>la</span> <span class='ocrx_word' id='word_1_162' title='bbox 1581 1423 1712 1460; x_wconf 87' lang='lat' dir='ltr'>destre</span> 
     </span>
     <span class='ocr_line' id='line_1_39' title="bbox 1089 1487 1714 1536; baseline 0.002 -12"><span class='ocrx_word' id='word_1_163' title='bbox 1089 1487 1254 1536; x_wconf 85' lang='lat' dir='ltr'>signefie</span> <span class='ocrx_word' id='word_1_164' title='bbox 1286 1487 1382 1536; x_wconf 88' lang='lat' dir='ltr'>qu&#39;il</span> <span class='ocrx_word' id='word_1_165' title='bbox 1416 1487 1577 1527; x_wconf 88' lang='lat' dir='ltr'>deivent</span> <span class='ocrx_word' id='word_1_166' title='bbox 1609 1495 1714 1525; x_wconf 87' lang='lat' dir='ltr'>estre</span> 
     </span>
     <span class='ocr_line' id='line_1_40' title="bbox 1089 1552 1717 1602; baseline 0.003 -13"><span class='ocrx_word' id='word_1_167' title='bbox 1089 1563 1139 1589; x_wconf 91' lang='lat' dir='ltr'>en</span> <span class='ocrx_word' id='word_1_168' title='bbox 1171 1563 1310 1590; x_wconf 89' lang='lat' dir='ltr'>eovres</span> <span class='ocrx_word' id='word_1_169' title='bbox 1328 1552 1541 1602; x_wconf 88' lang='lat' dir='ltr'>espiritels.</span> <span class='ocrx_word' id='word_1_170' title='bbox 1573 1554 1652 1592; x_wconf 81' lang='lat' dir='ltr'>Par</span> <span class='ocrx_word' id='word_1_171' title='bbox 1673 1565 1717 1591; x_wconf 79' lang='lat' dir='ltr'>sa</span> 
     </span>
     <span class='ocr_line' id='line_1_41' title="bbox 1089 1616 1716 1667; baseline 0.005 -14"><span class='ocrx_word' id='word_1_172' title='bbox 1089 1616 1248 1654; x_wconf 88' lang='lat' dir='ltr'>bouche</span> <span class='ocrx_word' id='word_1_173' title='bbox 1279 1625 1372 1655; x_wconf 90' lang='lat' dir='ltr'>sunt</span> <span class='ocrx_word' id='word_1_174' title='bbox 1396 1617 1570 1667; x_wconf 77' lang='lat' dir='ltr'>segnefie</span> <span class='ocrx_word' id='word_1_175' title='bbox 1588 1617 1618 1656; x_wconf 86' lang='lat' dir='ltr'>li</span> <span class='ocrx_word' id='word_1_176' title='bbox 1634 1618 1716 1656; x_wconf 93' lang='lat' dir='ltr'>bon</span> 
     </span>
     <span class='ocr_line' id='line_1_42' title="bbox 1080 1681 1715 1734; baseline 0.008 -16"><span class='ocrx_word' id='word_1_177' title='bbox 1080 1681 1311 1730; x_wconf 85' lang='lat' dir='ltr'>preeschur.</span> <span class='ocrx_word' id='word_1_178' title='bbox 1343 1683 1421 1720; x_wconf 79' lang='lat' dir='ltr'>Par</span> <span class='ocrx_word' id='word_1_179' title='bbox 1451 1683 1598 1733; x_wconf 76' lang='lat' dir='ltr'>l&#39;espee</span> <span class='ocrx_word' id='word_1_180' title='bbox 1636 1696 1715 1734; x_wconf 88' lang='lat' dir='ltr'>que</span> 
     </span>
     <span class='ocr_line' id='line_1_43' title="bbox 1080 1746 1715 1795; baseline 0.005 -12"><span class='ocrx_word' id='word_1_181' title='bbox 1080 1746 1245 1784; x_wconf 87' lang='lat' dir='ltr'>trenche</span> <span class='ocrx_word' id='word_1_182' title='bbox 1282 1746 1332 1784; x_wconf 90' lang='lat' dir='ltr'>de</span> <span class='ocrx_word' id='word_1_183' title='bbox 1369 1746 1470 1784; x_wconf 90' lang='lat' dir='ltr'>deus</span> <span class='ocrx_word' id='word_1_184' title='bbox 1511 1757 1622 1795; x_wconf 72' lang='grc' dir='ltr'>ρει-ι,</span> <span class='ocrx_word' id='word_1_185' title='bbox 1654 1755 1715 1786; x_wconf 85' lang='lat' dir='ltr'>est</span> 
     </span>
     <span class='ocr_line' id='line_1_44' title="bbox 1082 1810 1714 1862; baseline 0.005 -14"><span class='ocrx_word' id='word_1_186' title='bbox 1082 1810 1248 1859; x_wconf 76' lang='lat' dir='ltr'>signefie</span> <span class='ocrx_word' id='word_1_187' title='bbox 1273 1811 1312 1848; x_wconf 80' lang='lat' dir='ltr'>la</span> <span class='ocrx_word' id='word_1_188' title='bbox 1329 1810 1484 1860; x_wconf 83' lang='lat' dir='ltr'>parolle</span> <span class='ocrx_word' id='word_1_189' title='bbox 1503 1811 1606 1860; x_wconf 85' lang='lat' dir='ltr'>Deu,</span> <span class='ocrx_word' id='word_1_190' title='bbox 1635 1824 1714 1862; x_wconf 89' lang='lat' dir='ltr'>que</span> 
     </span>
     <span class='ocr_line' id='line_1_45' title="bbox 1082 1869 1716 1927; baseline 0.008 -15"><span class='ocrx_word' id='word_1_191' title='bbox 1082 1875 1132 1912; x_wconf 88' lang='lat' dir='ltr'>de</span> <span class='ocrx_word' id='word_1_192' title='bbox 1154 1887 1232 1913; x_wconf 88' lang='lat' dir='ltr'>une</span> <span class='ocrx_word' id='word_1_193' title='bbox 1255 1883 1346 1924; x_wconf 84' lang='lat' dir='ltr'>part</span> <span class='ocrx_word' id='word_1_194' title='bbox 1371 1869 1501 1914; x_wconf 85' lang='lat' dir='ltr'>seivre</span> <span class='ocrx_word' id='word_1_195' title='bbox 1521 1870 1716 1927; x_wconf 79' lang='lat' dir='ltr'>leespirit</span> 
     </span>
     <span class='ocr_line' id='line_1_46' title="bbox 1083 1939 1714 1990; baseline 0.011 -14"><span class='ocrx_word' id='word_1_196' title='bbox 1083 1940 1132 1990; x_wconf 79' lang='lat' dir='ltr'>de</span> <span class='ocrx_word' id='word_1_197' title='bbox 1173 1951 1236 1977; x_wconf 91' lang='lat' dir='ltr'>ses</span> <span class='ocrx_word' id='word_1_198' title='bbox 1274 1939 1417 1987; x_wconf 83' lang='lat' dir='ltr'>desirs,</span> <span class='ocrx_word' id='word_1_199' title='bbox 1450 1949 1490 1979; x_wconf 90' lang='lat' dir='ltr'>et</span> <span class='ocrx_word' id='word_1_200' title='bbox 1521 1941 1571 1980; x_wconf 88' lang='lat' dir='ltr'>de</span> <span class='ocrx_word' id='word_1_201' title='bbox 1601 1950 1714 1983; x_wconf 80' lang='lat' dir='ltr'>autre</span> 
     </span>
     <span class='ocr_line' id='line_1_47' title="bbox 1081 2004 1685 2053; baseline 0.005 -12"><span class='ocrx_word' id='word_1_202' title='bbox 1081 2013 1172 2053; x_wconf 84' lang='lat' dir='ltr'>part</span> <span class='ocrx_word' id='word_1_203' title='bbox 1191 2005 1230 2042; x_wconf 85' lang='lat' dir='ltr'>la</span> <span class='ocrx_word' id='word_1_204' title='bbox 1249 2004 1346 2042; x_wconf 84' lang='lat' dir='ltr'>char</span> <span class='ocrx_word' id='word_1_205' title='bbox 1371 2005 1420 2042; x_wconf 90' lang='lat' dir='ltr'>de</span> <span class='ocrx_word' id='word_1_206' title='bbox 1436 2015 1501 2042; x_wconf 83' lang='lat' dir='ltr'>ses</span> <span class='ocrx_word' id='word_1_207' title='bbox 1519 2004 1685 2050; x_wconf 79' lang='lat' dir='ltr'>deliz...‚</span> 
     </span>
    </p>

    <p class='ocr_par' dir='ltr' id='par_1_8' title="bbox 1075 2068 1714 2689">
     <span class='ocr_line' id='line_1_48' title="bbox 1130 2068 1714 2119; baseline 0.002 -13"><span class='ocrx_word' id='word_1_208' title='bbox 1130 2070 1214 2106; x_wconf 92' lang='lat' dir='ltr'>Ceo</span> <span class='ocrx_word' id='word_1_209' title='bbox 1235 2069 1284 2106; x_wconf 89' lang='lat' dir='ltr'>ke</span> <span class='ocrx_word' id='word_1_210' title='bbox 1298 2069 1403 2107; x_wconf 88' lang='lat' dir='ltr'>seint</span> <span class='ocrx_word' id='word_1_211' title='bbox 1420 2069 1440 2107; x_wconf 85' lang='lat' dir='ltr'>J</span> <span class='ocrx_word' id='word_1_212' title='bbox 1445 2068 1567 2116; x_wconf 74' lang='lat' dir='ltr'>ohan,</span> <span class='ocrx_word' id='word_1_213' title='bbox 1587 2077 1714 2119; x_wconf 85' lang='lat' dir='ltr'>quant</span> 
     </span>
     <span class='ocr_line' id='line_1_49' title="bbox 1081 2132 1711 2180; baseline 0.003 -10"><span class='ocrx_word' id='word_1_214' title='bbox 1081 2132 1111 2170; x_wconf 90' lang='lat' dir='ltr'>il</span> <span class='ocrx_word' id='word_1_215' title='bbox 1138 2142 1181 2171; x_wconf 92' lang='lat' dir='ltr'>ot</span> <span class='ocrx_word' id='word_1_216' title='bbox 1204 2137 1280 2170; x_wconf 75' lang='lat' dir='ltr'>veu</span> <span class='ocrx_word' id='word_1_217' title='bbox 1307 2133 1346 2170; x_wconf 79' lang='lat' dir='ltr'>la</span> <span class='ocrx_word' id='word_1_218' title='bbox 1375 2133 1523 2180; x_wconf 87' lang='lat' dir='ltr'>visiun,</span> <span class='ocrx_word' id='word_1_219' title='bbox 1548 2133 1637 2171; x_wconf 82' lang='lat' dir='ltr'>chei</span> <span class='ocrx_word' id='word_1_220' title='bbox 1667 2145 1711 2172; x_wconf 80' lang='lat' dir='ltr'>as</span> 
     </span>
     <span class='ocr_line' id='line_1_50' title="bbox 1081 2197 1710 2247; baseline 0.003 -13"><span class='ocrx_word' id='word_1_221' title='bbox 1081 2197 1169 2245; x_wconf 92' lang='lat' dir='ltr'>piez</span> <span class='ocrx_word' id='word_1_222' title='bbox 1190 2209 1241 2234; x_wconf 84' lang='lat' dir='ltr'>au</span> <span class='ocrx_word' id='word_1_223' title='bbox 1259 2197 1444 2247; x_wconf 81' lang='lat' dir='ltr'>Seignur,</span> <span class='ocrx_word' id='word_1_224' title='bbox 1475 2197 1641 2247; x_wconf 84' lang='lat' dir='ltr'>signefie</span> <span class='ocrx_word' id='word_1_225' title='bbox 1659 2199 1710 2236; x_wconf 86' lang='lat' dir='ltr'>ke</span> 
     </span>
     <span class='ocr_line' id='line_1_51' title="bbox 1081 2261 1708 2310; baseline 0.003 -12"><span class='ocrx_word' id='word_1_226' title='bbox 1081 2261 1109 2298; x_wconf 92' lang='lat' dir='ltr'>li</span> <span class='ocrx_word' id='word_1_227' title='bbox 1121 2262 1201 2299; x_wconf 92' lang='lat' dir='ltr'>bon</span> <span class='ocrx_word' id='word_1_228' title='bbox 1211 2262 1355 2310; x_wconf 81' lang='lat' dir='ltr'>prelat,</span> <span class='ocrx_word' id='word_1_229' title='bbox 1373 2261 1443 2310; x_wconf 91' lang='lat' dir='ltr'>qui</span> <span class='ocrx_word' id='word_1_230' title='bbox 1454 2273 1477 2298; x_wconf 85' lang='lat' dir='ltr'>a</span> <span class='ocrx_word' id='word_1_231' title='bbox 1493 2261 1623 2299; x_wconf 86' lang='lat' dir='ltr'>droite</span> <span class='ocrx_word' id='word_1_232' title='bbox 1637 2261 1708 2309; x_wconf 89' lang='lat' dir='ltr'>foi,</span> 
     </span>
     <span class='ocr_line' id='line_1_52' title="bbox 1080 2327 1709 2377; baseline 0.003 -14"><span class='ocrx_word' id='word_1_233' title='bbox 1080 2337 1123 2363; x_wconf 93' lang='lat' dir='ltr'>se</span> <span class='ocrx_word' id='word_1_234' title='bbox 1140 2327 1295 2364; x_wconf 89' lang='lat' dir='ltr'>encline</span> <span class='ocrx_word' id='word_1_235' title='bbox 1309 2335 1347 2364; x_wconf 88' lang='lat' dir='ltr'>et</span> <span class='ocrx_word' id='word_1_236' title='bbox 1363 2335 1500 2364; x_wconf 87' lang='lat' dir='ltr'>entent</span> <span class='ocrx_word' id='word_1_237' title='bbox 1519 2338 1571 2364; x_wconf 82' lang='lat' dir='ltr'>au</span> <span class='ocrx_word' id='word_1_238' title='bbox 1588 2327 1709 2377; x_wconf 89' lang='lat' dir='ltr'>pople</span> 
     </span>
     <span class='ocr_line' id='line_1_53' title="bbox 1080 2390 1705 2430; baseline 0.005 -3"><span class='ocrx_word' id='word_1_239' title='bbox 1080 2391 1167 2428; x_wconf 90' lang='lat' dir='ltr'>Deu</span> <span class='ocrx_word' id='word_1_240' title='bbox 1194 2391 1398 2429; x_wconf 89' lang='lat' dir='ltr'>confesser</span> <span class='ocrx_word' id='word_1_241' title='bbox 1422 2399 1461 2428; x_wconf 93' lang='lat' dir='ltr'>et</span> <span class='ocrx_word' id='word_1_242' title='bbox 1479 2390 1705 2430; x_wconf 89' lang='lat' dir='ltr'>conseiller.</span> 
     </span>
     <span class='ocr_line' id='line_1_54' title="bbox 1079 2454 1706 2503; baseline 0.005 -12"><span class='ocrx_word' id='word_1_243' title='bbox 1079 2454 1162 2491; x_wconf 93' lang='lat' dir='ltr'>Ceo</span> <span class='ocrx_word' id='word_1_244' title='bbox 1198 2454 1294 2503; x_wconf 90' lang='lat' dir='ltr'>qu’il</span> <span class='ocrx_word' id='word_1_245' title='bbox 1333 2463 1393 2492; x_wconf 93' lang='lat' dir='ltr'>est</span> <span class='ocrx_word' id='word_1_246' title='bbox 1430 2454 1518 2492; x_wconf 82' lang='lat' dir='ltr'>ausi</span> <span class='ocrx_word' id='word_1_247' title='bbox 1550 2467 1706 2494; x_wconf 87' lang='lat' dir='ltr'>comme</span> 
     </span>
     <span class='ocr_line' id='line_1_55' title="bbox 1075 2519 1706 2571; baseline 0.003 -14"><span class='ocrx_word' id='word_1_248' title='bbox 1075 2532 1186 2557; x_wconf 88' lang='lat' dir='ltr'>morz</span> <span class='ocrx_word' id='word_1_249' title='bbox 1218 2519 1382 2569; x_wconf 88' lang='lat' dir='ltr'>signefie</span> <span class='ocrx_word' id='word_1_250' title='bbox 1410 2519 1460 2557; x_wconf 89' lang='lat' dir='ltr'>ke</span> <span class='ocrx_word' id='word_1_251' title='bbox 1488 2519 1517 2556; x_wconf 89' lang='lat' dir='ltr'>il</span> <span class='ocrx_word' id='word_1_252' title='bbox 1548 2520 1706 2571; x_wconf 87' lang='lat' dir='ltr'>guerpit</span> 
     </span>
     <span class='ocr_line' id='line_1_56' title="bbox 1075 2584 1702 2633; baseline 0.003 -12"><span class='ocrx_word' id='word_1_253' title='bbox 1075 2585 1112 2621; x_wconf 86' lang='lat' dir='ltr'>la</span> <span class='ocrx_word' id='word_1_254' title='bbox 1149 2584 1274 2633; x_wconf 87' lang='lat' dir='ltr'>gloire</span> <span class='ocrx_word' id='word_1_255' title='bbox 1319 2584 1384 2621; x_wconf 92' lang='lat' dir='ltr'>del</span> <span class='ocrx_word' id='word_1_256' title='bbox 1422 2585 1584 2622; x_wconf 90' lang='lat' dir='ltr'>munde.</span> <span class='ocrx_word' id='word_1_257' title='bbox 1619 2586 1702 2623; x_wconf 93' lang='lat' dir='ltr'>Ceo</span> 
     </span>
     <span class='ocr_line' id='line_1_57' title="bbox 1075 2647 1703 2689; baseline 0.006 -4"><span class='ocrx_word' id='word_1_258' title='bbox 1075 2647 1123 2685; x_wconf 90' lang='lat' dir='ltr'>ke</span> <span class='ocrx_word' id='word_1_259' title='bbox 1140 2648 1168 2685; x_wconf 93' lang='lat' dir='ltr'>li</span> <span class='ocrx_word' id='word_1_260' title='bbox 1189 2648 1297 2686; x_wconf 87' lang='lat' dir='ltr'>Sires</span> <span class='ocrx_word' id='word_1_261' title='bbox 1317 2657 1398 2687; x_wconf 84' lang='lat' dir='ltr'>met</span> <span class='ocrx_word' id='word_1_262' title='bbox 1412 2661 1455 2686; x_wconf 88' lang='lat' dir='ltr'>sa</span> <span class='ocrx_word' id='word_1_263' title='bbox 1476 2650 1608 2689; x_wconf 87' lang='lat' dir='ltr'>destre</span> <span class='ocrx_word' id='word_1_264' title='bbox 1634 2662 1703 2689; x_wconf 88' lang='lat' dir='ltr'>sur</span> 
     </span>
    </p>
   </div>
  </div>
 </body>
</html>
