1910 3158
532 244 863 292 L’APOCALYPSE
893 260 951 292 rm
982 260 1204 305 1⁷sz
1476 247 1536 308 73

201 371 393 473 δχῂζίαρ,
390 370 590 419 ebert-ont
621 381 673 409 en
700 370 965 419 dampnation
997 370 1048 409 de
1072 382 1164 409 cors
1193 371 1231 410 ὰ
1254 371 1305 410 de
1330 371 1433 410 alme
1459 382 1538 420 pur

285 430 513 483 ’peeehiez
540 442 594 480 qu
597 430 638 468 ’il
666 430 755 469 funt
781 431 819 468 ἀ
846 431 953 479 [pur]
983 430 1043 469 les
1076 441 1287 470 mauveses
1318 433 1538 482 examples

203 492 307 569 dunt
318 490 380 542 [111
397 489 614 529 «κύω-ευτ’
635 489 722 538 [les]
743 498 878 528 autres
895 489 923 527 4.

246 630 279 657 1.
299 619 387 657 cd.
407 620 502 666 ebes
528 623 595 662 est,
619 619 648 653 B
674 626 775 654 omet
794 620 829 654 le
851 619 987 654 second
1005 619 1113 655 ehaet
1127 624 1192 655 est.
1211 638 1254 647 —
1277 631 1311 656 2.
1327 622 1388 658 BC
1406 623 1478 657 Iur-
1497 640 1542 652 -ι

203 673 283 717 3-0
297 673 328 717 il
341 673 423 719 ein(
438 677 633 707 menerent.
650 690 691 698 —
706 682 742 716 4.
763 672 845 707 suit
859 672 953 707 dan·
969 672 1030 708 Bc
1041 673 1077 708 le
1089 675 1357 710 commeauit-e
1372 676 1439 711 dez
1456 686 1540 712 vet-

201 733 391 774 ..τας-η.

249 853 388 908 (xlv,
411 852 454 907 9)
489 852 554 894 Et
579 852 735 895 tertius
760 865 837 894 an·

195 916 326 972 gelus
341 922 513 958 secutus
539 925 606 960 est
631 918 745 970 illos,
768 917 836 959 di-

199 993 301 1024 cens
325 993 430 1023 voce
453 994 615 1038 magna
635 996 649 1024 .·
668 983 722 1024 Si
738 982 836 1038 quis

198 1045 455 1089 adoraverit
472 1046 651 1093 bestiam
668 1054 712 1090 et
726 1048 836 1089 ima-

196 1112 347 1166 ginem
393 1110 500 1166 ejus,
545 1119 589 1154 et
620 1114 839 1167 acceperit

197 1175 497 1218 characterem
511 1177 556 1218 in
563 1177 723 1232 fronte
737 1190 831 1229 sua,

197 1246 277 1284 aut
292 1239 339 1282 in
350 1252 482 1285 manu
497 1255 592 1293 sua,
611 1242 696 1296 (10)
709 1249 753 1284 et
765 1242 837 1284 hic

199 1303 316 1349 bibet
357 1305 412 1348 de
452 1306 552 1348 vino
605 1307 700 1348 irae
732 1306 832 1349 Dei»

198 1369 322 1424 quo-1
342 1369 516 1412 mistum
545 1378 611 1414 est
638 1385 759 1414 mero
791 1372 835 1413 in

197 1433 335 1477 calice
359 1436 456 1478 irae
486 1436 636 1491 ipsius,
667 1443 711 1479 et
734 1449 836 1478 cru-

196 1499 388 1542 ciabitur
420 1500 524 1556 igne
551 1508 595 1543 et
624 1502 836 1555 sulphure

198 1562 244 1606 in
290 1572 520 1619 conspectu
573 1567 834 1620 angelorum

195 1636 446 1677 sanctorum
465 1636 508 1672 et
519 1636 620 1672 ante
637 1643 836 1685 conspec-

198 1699 289 1735 tum
323 1694 460 1748 agm‘,·
498 1695 582 1749 (ιι)
618 1695 836 1750 etfumus

198 1763 512 1802 tormentorum
524 1772 674 1802 eorum
688 1772 835 1802 ascen·

195 1823 271 1864 det
288 1822 334 1865 in
351 1825 526 1866 saecula
543 1826 831 1876 saeculorum,

198 1900 277 1930 nec
293 1888 453 1931 habent
469 1890 663 1944 requiem
685 1889 759 1931 die
781 1903 836 1931 ac

197 1960 322 1995 nocte
339 1953 416 2009 qui
433 1953 731 1996 adoraverunt
745 1954 835 1996 bes-

197 2017 303 2060 tiam
322 2025 366 2060 et
391 2018 627 2074 imaginem
655 2018 763 2074 ejus,
792 2026 836 2062 et

193 2081 237 2124 si
260 2083 361 2138 quis
377 2083 597 2139 acceperit
612 2085 835 2127 characte-

195 2160 289 2190 rem
307 2148 495 2190 nominis
515 2147 622 2204 ejus.
638 2148 835 2203 (12)H1·c

190 2212 409 2266 patientia
462 2219 712 2255 sanctorum
769 2220 836 2255 est

196 2276 274 2332 qui
325 2277 577 2321 custodiunt
628 2277 834 2320 mandata

196 2341 283 2384 Dei
308 2341 499 2399 etfidem
524 2342 646 2384 Iesu.

243 2486 272 2510 ι.
291 2475 352 2511 BC
372 2484 552 2515 omettent
572 2487 629 2513 ne.

962 853 1075 907 (Fol.
1135 866 1196 908 27
1235 863 1304 906 ν),-
1347 854 1466 907 x1v‚
1499 857 1540 911 9)

907 918 1038 961 Tlxr.
1081 918 1138 960 Et
1168 919 1198 960 li
1238 919 1342 962 tierz
1388 920 1540 975 angele

909 989 1019 1025 su1st
1048 983 1111 1025 les
1139 995 1283 1026 autres
1315 985 1355 1027 ἃ
1398 985 1485 1028 dist
1515 999 1541 1028 a

907 1059 1034 1102 grant
1065 1049 1162 1090 voiz
1198 1061 1208 1091 :
1239 1049 1349 1092 Tuit
1376 1050 1434 1092 cil
1464 1050 1540 1105 qui

908 1124 1114 1155 aorerunt
1165 1114 1207 1156 la
1244 1115 1362 1157 beste
1408 1116 1448 1157 &
1495 1128 1542 1157 se

907 1191 1063 1233 ymage
1100 1179 1140 1220 ἀ
1188 1191 1414 1221 recevrunt
1457 1193 1541 1222 sun

910 1256 1028 1285 merc
1058 1256 1113 1285 en
1144 1244 1216 1285 lur
1244 1244 1366 1287 frunt
1394 1257 1454 1287 ou
1487 1259 1541 1286 en

908 1308 979 1351 lut
1003 1308 1138 1357 main,
1172 1309 1255 1363 (ιο)
1297 1309 1328 1351 il
1357 1310 1542 1352 bevrunt

908 1374 978 1416 del
991 1374 1066 1415 vin
1079 1373 1146 1415 del
1159 1373 1222 1415 ire
1237 1374 1350 1426 neu,
1372 1388 1457 1429 que
1479 1386 1543 1417 est

909 1438 1062 1481 mellee
1075 1439 1129 1480 de
1144 1439 1216 1489 lie,
1238 1440 1279 1481 ἃ
1295 1450 1444 1481 seront
1457 1451 1542 1482 tor-

910 1515 1079 1546 mentez
1098 1505 1152 1545 de
1171 1504 1242 1545 feu
1262 1505 1302 1546 ἃ
1321 1505 1374 1546 de
1395 1505 1541 1547 soufre

907 1571 1064 1612 devant
1097 1569 1160 1610 les
1195 1569 1371 1623 angeles
1399 1570 1439 1612 ἀ
1465 1570 1541 1611 de-

909 1646 1012 1677 vant
1044 1635 1085 1676 le
1119 1634 1266 1689 agnel3
1308 1636 1391 1688 (ιι)
1427 1635 1468 1677 8(
1497 1634 1540 1676 la

908 1701 1053 1742 fumee
1103 1699 1158 1740 de
1220 1698 1292 1740 lur
1347 1709 1540 1741 torment

907 1776 1107 1807 muntera
1127 1776 1229 1805 sanz
1244 1763 1320 1814 fin,
1339 1764 1379 1805 ἅ
1400 1763 1541 1805 n’ave-

906 1840 1009 1871 runt
1027 1842 1154 1884 repos
1172 1841 1226 1870 ne
1240 1828 1335 1882 'jur
1350 1841 1404 1870 ne
1426 1828 1536 1870 nuit.

907 1897 990 1948 (η)
1016 1893 1076 1936 lei
1097 1904 1161 1935 est
1178 1893 1220 1934 la
1240 1893 1443 1948 pacience
1462 1894 1538 1935 des

906 1959 1026 2002 seinz
1044 1971 1130 2014 que
1146 1958 1327 2013 gardent
1340 1957 1402 2000 les
1416 1970 1539 1999 com-

906 2024 1195 2067 mandemenz
1225 2023 1320 2066 Deu
1347 2023 1388 2071 ἂ
1407 2022 1449 2065 la
1476 2021 1538 2064 foi

903 2090 924 2132 J
931 2103 1008 2132 esu
1029 2088 1162 2133 Crist.

243 2599 388 2638 Gz-ost.
411 2601 495 2640 Ceo
515 2614 594 2651 que
622 2602 650 2640 li
682 2603 781 2641 tierz
813 2602 952 2653 angele
972 2603 1042 2652 qui
1070 2605 1151 2641 suit
1175 2601 1234 2640 les
1253 2610 1387 2640 autres
1408 2585 1489 2640 dist
1508 2614 1531 2639 a

195 2666 312 2707 grant
329 2658 420 2697 voiz
444 2670 524 2709 que
542 2659 620 2700 tuit
637 2660 691 2699 cil
708 2660 786 2710 'qui
805 2669 997 2699 aot-erunt
1016 2660 1026 2679 ¹
1048 2661 1086 2699 le
1107 2660 1220 2699 beate
1239 2659 1278 2698 ὰ
1296 2670 1339 2698 se
1372 2670 1527 2710 ymage,
