1910 3158
348 264 407 312 56
673 262 1006 311 L’APOCALYPSE
1034 277 1094 310 ΕΝ
1125 278 1346 324 emens

344 384 451 440 ejus,
480 391 523 427 et
557 381 762 439 regnabit
800 381 844 423 in
880 393 976 423 sae-

344 450 443 502 cula
477 451 782 498 saeculorum‚·
821 447 974 489 Amen.

345 514 430 568 (16)
465 514 530 556 Et
578 513 736 567 viginti
787 519 977 567 quatuor

343 579 549 629 seniore-5,
572 579 648 632 qui
666 579 710 629 in
749 584 975 632 conspectu

341 642 427 682 Dei
444 640 595 682 sedent
613 641 656 682 in
675 642 850 685 sedibus
865 643 973 695 suis,

343 706 594 748 ceciderunt
615 706 660 748 in
675 706 828 762 facies
855 720 973 760 suas,

343 778 386 812 et
408 770 706 813 adoraverunt
730 773 886 825 Deum,
906 773 975 815 di-

343 843 519 877 centes:
553 838 634 891 (¹7)
668 837 849 886 Gratias
880 837 974 893 agi-

342 913 436 942 mus
485 901 579 952 tibi,
618 901 805 944 Domine
856 903 976 944 Deus

342 965 623 1019 omnipotens,
652 966 728 1021 qui
754 978 800 1008 es
827 973 871 1007 et
901 966 977 1021 qui

341 1042 441 1072 eras
478 1037 521 1071 et
554 1030 630 1085 qui
670 1037 876 1072 venturus
914 1043 971 1081 es,

341 1095 444 1150 quia
513 1096 720 1150 accepisti
772 1097 976 1138 virtutem

343 1168 459 1203 tuam
478 1173 682 1217 magnam
701 1168 745 1202 et
761 1162 969 1217 regnasti.

343 1227 379 1280 (ι
390 1227 433 1280 8)
451 1225 495 1267 E
496 1232 514 1267 t
532 1230 674 1268 iratae
691 1233 794 1267 sunt
805 1232 971 1282 gentes,

342 1297 385 1332 et
401 1291 577 1332 advenit
607 1290 677 1331 ira
696 1296 784 1340 tua,
808 1297 851 1332 et
871 1297 975 1333 tem-

334 1367 420 1410 pus
453 1362 725 1397 mortuorum
752 1354 972 1410 judicari,

341 1427 385 1461 et
396 1419 580 1461 reddere
587 1419 826 1461 mercedem
837 1420 976 1470 servis

342 1484 438 1531 tuis
439 1485 668 1538 prophetis
690 1491 733 1525 et
747 1485 913 1526 sanctis
934 1491 978 1527 et

342 1549 590 1590 timentibus
631 1561 785 1590 nomen
837 1555 972 1598 tuum,

333 1614 514 1668 pusillis
546 1615 806 1668 etmagnis,
829 1621 872 1655 et
894 1616 973 1655 ex-

342 1678 606 1720 terminandi
624 1689 698 1720 eos
716 1678 792 1733 qui
818 1690 973 1720 corru—

332 1750 499 1798 perunt
517 1749 694 1785 terram.

1048 395 1130 425 sun
1152 382 1256 426 fiulz
1274 383 1296 424 J
1303 383 1410 426 hesu
1432 384 1565 434 ctist,
1587 396 1629 429 et
1648 385 1680 429 il

1047 460 1227 502 regnem
1245 461 1347 490 sanz
1365 448 1439 491 fin.
1461 449 1475 503 (
1486 464 1496 491 ι
1509 451 1550 505 6)
1571 451 1628 494 Et
1646 451 1687 495 li.

1045 511 1140 553 vint
1170 513 1210 554 ἃ
1242 523 1392 567 quatre
1417 514 1573 567 maiur,
1594 529 1681 570 que

1048 588 1168 619 seent
1201 590 1248 618 as
1281 577 1418 633 sieges
1453 580 1611 622 devant
1637 580 1681 623 la

1048 641 1139 684 face
1158 641 1172 659 ³
1193 642 1305 694 Deu,
1327 643 1522 690 cheirent
1540 645 1677 687 adenz

1047 707 1087 748 &
1117 717 1318 753 aon-erent
1352 708 1449 750 Deu
1472 709 1610 762 vtuit⁸,
1637 710 1677 752 &

1047 770 1215 813 discent
1237 784 1247 814 :
1273 771 1361 826 (¹7)
1385 772 1478 814 Nos
1492 774 1677 821 rendum

1047 849 1195 890 graces
1223 848 1247 877 a
1277 849 1371 886 vos,
1401 837 1560 879 Nostre
1585 837 1679 880 Sire

1048 901 1161 953 [Deu
1190 903 1268 953 tot]
1297 900 1509 956 puissant,
1528 903 1680 957 quies

1047 966 1087 1006 &
1117 965 1130 987 ⁴
1156 978 1287 1019 seras,
1309 966 1384 1021 qui
1411 979 1457 1009 as
1481 973 1608 1009 recen
1638 979 1681 1010 ta

1047 1041 1173 1083 grant
1210 1042 1332 1073 vertu
1367 1032 1408 1073 &
1444 1044 1491 1073 as
1522 1037 1673 1088 regne.

1049 1095 1136 1150 (18)
1157 1096 1197 1138 &
1228 1107 1331 1138 sunt
1359 1096 1421 1138 ire
1440 1097 1481 1138 la
1502 1108 1618 1152 gent,
1640 1099 1680 1140 &

1047 1171 1088 1201 ta
1116 1160 1177 1202 ire
1197 1173 1260 1203 est
1279 1174 1434 1210 venue,
1454 1162 1493 1204 &
1522 1161 1562 1204 le
1583 1173 1678 1208 tens

1047 1226 1099 1266 de
1117 1225 1239 1280 jug'er
1255 1227 1317 1272 les
1333 1239 1453 1268 morz
1467 1227 1679 1278 &rendre

1047 1291 1292 1344 guen-redon
1335 1304 1360 1334 a
1386 1302 1449 1334 tes
1483 1289 1497 1314 ⁵
1521 1293 1636 1335 ,serfs
1665 1294 1680 1318 ⁶

1045 1353 1280 1411 prophetes
1305 1355 1344 1397 ἃ
1374 1369 1399 1398 a
1427 1355 1439 1378 ⁷
1455 1357 1578 1409 [seinz
1594 1358 1677 1413 ‚qui

1045 1418 1256 1462 creiment
1281 1423 1618 1476 tonnam-petiz
1638 1423 1678 1465 &

1045 1497 1193 1538 granz,
1212 1485 1253 1526 ἃ
1278 1487 1492 1528 destruite
1510 1488 1677 1543 cesqui

1045 1549 1366 1604 corrumpirent
1383 1551 1426 1593 la
1442 1563 1574 1594 terre.

387 1883 419 1907 1.
435 1872 464 1906 B
476 1875 562 1906 cest.
573 1889 613 1897 -
625 1881 657 1906 2.
670 1872 698 1906 B
716 1879 815 1907 omet
831 1873 868 1907 ta
875 1872 982 1916 saee.‘
995 1890 1037 1898 —
1050 1871 1082 1906 3.
1099 1872 1159 1907 BC
1174 1878 1352 1907 omettent
1366 1871 1580 1909 chefrentm'
1596 1860 1683 1913 tuft:

340 1936 431 1969 —4.
451 1926 479 1959 C
504 1925 626 1968 ajoute
642 1925 706 1971 ky.
723 1944 761 1951 -—
778 1925 814 1960 5.
840 1926 960 1960 Β-σεε.
978 1925 1064 1960 -6,
1085 1924 1114 1960 C
1135 1925 1258 1969 ajome
1272 1935 1303 1960 e.
1323 1942 1364 1952 -·
1383 1937 1420 1971 7²
1437 1926 1495 1961 BC
1517 1937 1572 1963 as.
1651 1934 1654 1938 ’

388 2044 537 2082 ῦιοεε.
563 2045 640 2082 Les
660 2056 780 2094 granz
801 2045 812 2063 ¹
833 2045 923 2082 voiz
940 2053 990 2083 en
1016 2043 1091 2082 cie1
1114 2044 1280 2094 signefie
1300 2045 1338 2082 la
1362 2054 1478 2094 grant
1497 2045 1577 2094 joie
1597 2058 1676 2096 que

341 2103 468 2141 seinte
488 2103 598 2142 Glise
622 2107 740 2142 avere
766 2115 840 2153 par
864 2104 876 2119 ²
897 2103 936 2141 la
965 2100 1214 2142 destruction
1235 2103 1439 2142 Antecrist
1464 2104 1514 2142 de
1539 2104 1580 2149 la
1604 2106 1675 2154 pes

341 2174 419 2212 que
439 2162 523 2200 lors
551 2162 608 2200 lui
635 2174 723 2201 sera
749 2163 902 2201 rendue
921 2172 962 2201 et
980 2174 1058 2212 que
1078 2164 1164 2201 mes
1180 2175 1231 2200 ne
1251 2163 1280 2200 li
1300 2162 1529 2202 serajtolete
1546 2160 1574 2201 ⁸.
1597 2163 1676 2201 Par

340 2222 398 2259 les
412 2214 496 2260 vixit
513 2222 550 2259 ἀ
564 2231 705 2271 quatre
719 2215 869 2260 maim-3
883 2224 979 2260 ‘sunt
993 2221 1159 2271 signefie
1170 2215 1202 2261 li'
1217 2231 1334 2271 grant
1345 2215 1474 2271 prelat
1482 2215 1674 2269 de-'sesime

343 2280 465 2318 Glise.
488 2280 574 2318 Ceo
590 2280 686 2330 qu'il
706 2280 889 2318 chaffrent
908 2281 1034 2318 adenz
1046 2281 1060 2303 ⁴
1079 2281 1116 2318 ἃ
1133 2290 1274 2318 norant
1290 2281 1304 2302 ⁵
1325 2279 1490 2330 signefie
1515 2280 1611 2330 qu'il
1631 2292 1674 2319 se

341 2339 599 2378 humiliet-ent
616 2339 632 2362 ⁶
644 2339 682 2378 δι
699 2339 832 2378 sen-ont
843 2350 1025 2389 penance
1045 2351 1095 2377 en
1109 2349 1218 2378 ceste
1238 2339 1315 2386 vie,
1330 2340 1367 2378 ἃ
1385 2339 1545 2377 loeront
1557 2338 1569 2361 ⁷
1585 2339 1672 2378 Deu

340 2398 410 2435 des
432 2397 546 2436 biens
564 2398 660 2447 qu’il
679 2398 743 2435 lur
771 2409 794 2436 a
814 2392 938 2450 ε’ῐοιιεέ,7
951 2406 990 2436 et
1008 2398 1057 2435 de
1084 2409 1156 2435 ceo
1178 2397 1274 2447 qu'il
1294 2398 1352 2435 les
1372 2397 1386 2419 ⁸
1410 2409 1433 2434 a
1451 2396 1602 2436 delivre
1622 2399 1672 2436 de

340 2455 403 2493 lur
422 2456 617 2495 ennemis.
1143 2456 1147 2460 ’
1303 2455 1305 2458 ’
1400 2457 1403 2461 ’
1450 2455 1453 2460 “
1587 2459 1589 2461 ’
1680 2457 1683 2459 ’

359 2585 362 2587 ·
385 2583 414 2607 1.
437 2574 560 2608 Mieux
577 2575 636 2609 BC
658 2575 714 2609 La
740 2579 868 2620 grant.
893 2593 935 2600 —
962 2584 997 2609 2.
1030 2568 1090 2608 Bc
1106 2574 1230 2617 apres.
1253 2568 1295 2599 ‘³—
1321 2572 1356 2607 3‘.
1385 2573 1414 2607 C
1435 2575 1542 2608 tolue.
1570 2576 1667 2618 -‘-*4³.

339 2626 400 2659 BC
415 2635 439 2659 a
450 2636 629 2671 genuz.-—
643 2627 678 2662 5.
703 2628 731 2661 B
747 2631 928 2667 aot-erent,
945 2628 976 2662 C
990 2630 1154 2662 aeuo-ent.
1170 2643 1211 2654 -ο
1225 2625 1266 2660 6..
1276 2627 1400 2661 Mieux
1423 2627 1483 2661 Bc
1505 2627 1672 2663 humilio-

339 2682 497 2717 runt.>—-
516 2689 549 2723 7.
567 2679 596 2712 B
612 2681 761 2716 luerent.
779 2679 870 2714 -8.
886 2681 916 2715 C
933 2680 1005 2714 lur.
