1910 3158
361 316 509 349 eLxxn
854 313 1202 346 COMMENTMRES

359 436 425 466 tea
454 427 628 477 scripsit,
661 425 907 475 designatur.
951 425 1029 462 Per
1053 423 1206 474 virgam
1234 434 1329 462 vero
1361 434 1456 472 sepe
1484 422 1698 472 disciplina

359 493 570 542 accipitur.
603 491 793 529 Calamus
818 489 940 539 igitur
957 489 1027 539 qui
1045 489 1222 528 Johanni
1239 489 1357 527 datus
1380 497 1440 527 est
1467 487 1698 527 similitudi-

360 570 452 597 nem
466 557 576 607 virge
597 555 738 594 habuit
754 554 865 604 [quia
883 554 1100 604 disciplina
1119 553 1430 594 christianorum
1449 563 1510 593 est
1527 564 1698 603 evange·

358 622 459 660 lium
475 623 516 670 Ἴ.
534 643 581 651 ·-
597 622 688 669 (Ms.
709 620 962 670 Thompson‚
983 619 1052 657 fol.
1072 631 1121 667 24
1131 627 1184 658 νο.
1203 640 1249 647 -
1265 619 1326 658 Cf.
1344 631 1418 657 ms.
1437 619 1528 666 688,
1542 619 1612 657 fol.
1638 618 1696 665 16,

360 695 398 724 et
420 685 722 735 Berengaudus,
743 685 825 723 col.
851 684 927 734 867
947 685 997 732 a.)

406 753 534 800 Apoc.
552 751 660 798 XVI,
687 762 745 799 17.
765 771 814 779 —
832 751 910 788 Per
929 750 1145 800 septimum
1170 750 1293 788 istum
1315 750 1502 799 angelum
1521 749 1700 800 predica-

357 826 466 855 tores
481 816 611 854 sancti
625 815 694 865 qui
713 815 965 865 temporibus
978 815 1216 853 Antichristi
1235 815 1358 854 futuri
1372 823 1466 854 sunt
1482 815 1699 864 designan-

357 891 436 920 tur.
458 881 637 930 Angelus
651 880 774 930 igitur
788 880 966 929 phialam
982 892 1095 918 suam
1110 880 1152 917 in
1169 891 1303 918 aerem
1319 879 1474 928 effudit,
1489 879 1585 929 quia
1607 890 1700 930 pre-

360 947 561 985 dicatores
583 946 714 984 sancti
745 946 860 985 vanis
889 955 929 984 et
958 946 1094 996 impiis
1116 945 1351 983 hominibus
1377 945 1488 994 quod
1507 953 1702 995 perpetua

358 1023 465 1062 pena
484 1012 565 1051 sint
590 1011 839 1061 dampnandi
867 1012 1186 1050 denunciabant.
1206 1012 1265 1050 Et
1281 1011 1411 1049 exivit
1435 1022 1516 1049 vox
1540 1021 1699 1062 magna.

359 1077 450 1114 Vox
470 1089 614 1127 magna
633 1088 713 1115 vox
732 1085 792 1115 est
810 1077 1110 1126 predicatorum
1132 1084 1378 1114 sanctorum.
1397 1077 1476 1114 Per
1489 1074 1702 1124 Templum

362 1142 545 1180 Ecclesia
578 1142 832 1192 intelligitur.
859 1143 896 1180 A
926 1142 1078 1192 templo
1102 1149 1207 1192 'ergo
1237 1153 1317 1179 vox
1354 1141 1490 1190 exivit,
1525 1140 1622 1190 quia
1651 1140 1702 1177 ab

361 1206 545 1244 Ecclesia
566 1218 645 1244 vox
665 1215 804 1245 sancte
835 1206 1126 1256 predicationis
1146 1207 1344 1256 procedit.
1370 1208 1461 1253 Que
1479 1206 1602 1245 etiam
1621 1213 1662 1244 et
1681 1217 1704 1244 a

357 1271 508 1310 throno
523 1271 653 1310 exisse
667 1271 830 1318 dicitur,
850 1271 945 1320 quia
962 1271 1144 1309 Ecclesia
1161 1269 1332 1310 thronus
1348 1279 1407 1310 est
1421 1271 1510 1319 Dei,
1527 1271 1620 1309 etin
1633 1270 1703 1308 illa

359 1337 504 1375 sedens
524 1335 756 1386 requiescit.
771 1358 819 1364 —
838 1337 932 1383 (Ms.
953 1336 1204 1385 Thompson‚
1222 1336 1291 1375 fol.
1312 1337 1359 1386 57
1369 1344 1422 1375 v⁰.
1439 1337 1501 1374 Cf.
1517 1348 1593 1391 ms.
1611 1335 1699 1382 688,

359 1402 429 1441 fol.
455 1402 517 1448 35,
539 1410 578 1440 et
599 1402 902 1451 Berengaudus,
924 1402 1001 1440 col.
1024 1402 1101 1451 908
1122 1402 1147 1439 d
1167 1410 1207 1440 et
1225 1413 1302 1451 909
1319 1403 1378 1450 a.)

404 1467 532 1516 Apoc.
567 1466 717 1513 XVIII,
752 1477 813 1503 21.
842 1487 889 1494 —-
912 1467 969 1504 Et
991 1467 1150 1504 sustulit
1178 1478 1277 1505 unus
1303 1467 1482 1519 angelus,
1510 1474 1588 1504 etc.
1624 1467 1703 1504 Iste

363 1533 530 1582 angelus
544 1532 754 1570 Christum
770 1531 984 1581 significat,
999 1531 1070 1581 qui
1087 1531 1204 1570 fortis
1221 1543 1308 1570 esse
1327 1532 1490 1584 dicitur,
1507 1533 1604 1582 quia
1620 1532 1703 1570 for-

358 1598 579 1637 titudinem
601 1597 752 1635 Christi
775 1604 927 1645 quanta
948 1595 1000 1634 sit
1025 1595 1203 1633 humana
1222 1607 1335 1633 mens
1361 1595 1704 1645 comprehendere

359 1674 442 1701 non
461 1671 613 1712 potest.
636 1663 714 1700 Per
727 1661 904 1710 lapidem
915 1672 1010 1698 vero
1025 1660 1221 1698 molarem
1241 1672 1431 1710 magnum
1445 1660 1577 1698 omnis
1597 1660 1703 1698 mul-

358 1729 492 1767 titudo
513 1726 990 1776 impiorumdesignatur.
1009 1726 1120 1763 Mare
1134 1734 1269 1764 autem
1287 1725 1491 1763 infernum
1503 1725 1702 1775 designat,

359 1793 402 1831 in
422 1804 504 1842 quo
525 1803 666 1830 omnes
683 1791 698 1808 ²
716 1790 830 1840 impii
850 1791 1147 1840 demergentur.
1167 1790 1348 1840 Angelus
1364 1790 1488 1839 igitur
1506 1789 1703 1828 molarem

359 1858 536 1907 lapidem
552 1857 595 1895 in
614 1868 724 1895 mare
737 1856 860 1904 misit,
877 1855 974 1905 quia
988 1855 1187 1893 Dominus
1202 1864 1340 1894 noster
1352 1856 1372 1894 J
1377 1855 1498 1893 hesus
1517 1854 1704 1897 Christus

360 1923 403 1962 in
439 1923 506 1961 die
537 1922 678 1973 judicii
706 1933 869 1960 omnem
900 1921 1120 1971 impiorum
1151 1920 1452 1959 multitudinem
1489 1931 1564 1958 suo
1595 1921 1704 1969 justo

360 1986 514 2037 judicio
542 1986 585 2024 in
609 1986 813 2024 infernum
843 1986 1049 2035 demerget
1071 2006 1119 2014 -
1143 1985 1238 2030 (Ms.
1270 1984 1524 2034 Thompson‚
1550 1982 1622 2022 fol.
1651 1984 1704 2022 60

360 2061 418 2091 vo.
438 2072 485 2080 —
499 2050 562 2089 Cf.
582 2063 660 2090 ms.
675 2051 767 2099 688,
781 2050 853 2090 fol.
872 2050 936 2098 38,
955 2058 996 2088 et
1016 2050 1319 2100 Berengaudus,
1339 2048 1419 2087 col.
1440 2060 1511 2098 9²¹
1535 2049 1591 2096 b.)

415 2176 652 2231 Beaucoup
685 2176 761 2217 des
807 2187 1010 2231 passages
1059 2175 1136 2216 des
1173 2172 1514 2215 commentaires
1554 2166 1704 2226 copies

361 2247 471 2288 dans
490 2246 531 2288 le
547 2246 788 2288 manuscrit
806 2245 914 2288 latin
933 2245 1017 2286 688
1034 2255 1076 2286 et
1089 2245 1200 2286 dans
1223 2244 1263 2285 le
1278 2243 1445 2285 second
1464 2239 1705 2284 manuscrit

362 2319 415 2359 de
436 2318 498 2359 M.
530 2318 797 2372 Thompson
817 2329 862 2358 se
891 2325 1142 2358 retrouvent
1171 2315 1281 2356 dans
1309 2314 1349 2354 le
1384 2311 1625 2354 manuscrit
1649 2312 1703 2352 de

363 2389 494 2441 Metz,
538 2389 649 2431 dans
687 2387 800 2430 celui
839 2387 892 2429 de
928 2386 1160 2437 Lambeth‚
1188 2386 1299 2427 dans
1336 2373 1457 2425 celui
1481 2384 1542 2424 du
1572 2382 1704 2424 fonds

409 2564 438 2589 1.
461 2554 532 2588 Les
549 2561 646 2588 mots
663 2553 1021 2599 quia-evangelium
1048 2557 1132 2586 sont
1154 2547 1359 2594 templaces
1384 2558 1451 2592 par
1465 2551 1533 2582 etc.
1556 2548 1650 2582 dans
1671 2549 1706 2582 le

364 2613 568 2646 manuscrit
583 2614 628 2646 de
644 2614 691 2647 M.
707 2614 940 2657 Thompson‚

405 2675 441 2699 2.
474 2666 544 2699 Les
572 2673 670 2700 mots
694 2666 731 2700 in
752 2676 821 2710 quo
845 2675 967 2700 omnes
993 2671 1076 2699 sont
1106 2663 1204 2698 omis
1232 2662 1326 2696 dans
1358 2661 1393 2695 le
1427 2660 1631 2695 manuscrit
1660 2659 1707 2695 de

365 2719 412 2752 M.
424 2718 657 2763 Thompson‚
