1910 3158
311 257 372 317 76
647 252 979 314 L‘APOCALYPSR
1009 269 1067 301 EN
1080 312 1083 314 Α
1098 269 1320 315 fungus

302 385 485 425 parmam,-
502 381 531 416 C
557 380 681 423 ajoute
701 378 846 413 dehors.
866 395 908 403 —
925 388 961 421 4.
979 377 1008 411 C
1025 388 1099 422 pur
1116 377 1198 413 Deu
1215 382 1367 413 esteunt.
1386 378 1474 414 -5.
1495 379 1524 414 C
1546 378 1590 415 le.
1609 397 1650 405 -

306 433 341 469 6.
358 433 388 468 C
408 443 438 468 s.
459 433 495 468 la
515 443 568 467 cr.
590 432 658 466 ela
679 442 724 465 m.
741 430 777 465 d.
797 441 828 466 e.
851 428 942 464 des.
959 429 1159 474 Egliselce.
1179 441 1269 477 —7.
1285 431 1343 466 BC
1361 439 1539 467 omettent
1559 432 1597 467 il.
1609 452 1649 458 —

306 486 344 521 8.
362 487 391 520 B
408 486 554 520 estable.
570 503 612 511 -—-
627 495 661 530 9.
682 483 740 519 BC
757 483 914 528 racinez.

357 599 494 655 (XIV,
528 599 591 654 17⁸)
628 598 693 640 Et
714 598 831 640 alius
866 610 941 640 an-

304 666 430 720 gelus
443 663 643 705 exivitde
655 663 811 717 templo
827 662 945 718 quod

306 736 371 771 est
398 729 442 770 in
467 729 589 770 caelo
611 727 773 769 habens
790 734 835 770 et
853 726 943 781 ipse

293 795 464 850 falcem
471 793 678 847 acutam(
688 806 700 834 ι
711 792 750 847 8)
758 792 942 834 Etalius

304 860 488 914 angelus
524 857 664 900 exivit
697 857 750 899 de
786 857 938 910 altari,

304 924 381 979 qui
393 923 580 965 habebat
593 929 847 977 potestatem
864 935 940 964 su-

303 1002 387 1043 pra
429 988 605 1044 ignem,·
650 994 695 1030 et
735 988 942 1030 clamavit

304 1067 406 1096 voce
443 1066 605 1108 magna
644 1053 703 1094 ad
733 1065 831 1094 eum
864 1053 940 1107 qui

303 1117 488 1159 habebat
494 1118 658 1171 falcem
671 1124 860 1167 acutam,
874 1117 939 1160 di-

305 1196 405 1224 cens
433 1196 448 1225 .·
470 1183 604 1225 Mitte
621 1184 795 1238 falcem
821 1190 939 1225 tuam

302 1255 474 1291 acutam
494 1256 537 1291 et
553 1248 770 1291 vindemia
790 1249 939 1291 botros

302 1314 440 1356 vineae
458 1321 618 1365 terrae,
629 1314 834 1369 quoniam
850 1327 938 1355 ma-

302 1390 416 1425 turoe
441 1391 545 1426 sunt
573 1397 685 1425 uvae
712 1383 819 1439 ejus.
849 1383 935 1437 (¹9)

300 1448 363 1490 Et
395 1448 515 1490 misit
553 1449 736 1504 angelus
771 1449 939 1502 falcem

299 1526 422 1555 suam
440 1521 614 1555 acutam
633 1515 677 1556 in
699 1520 876 1563 terram,
899 1521 942 1556 et

300 1578 580 1621 vindemiavit
595 1578 764 1620 vineam
777 1585 936 1630 terrae,

300 1650 343 1684 et
360 1643 480 1686 misit
503 1644 547 1685 in
578 1645 719 1685 lacum
742 1643 837 1685 irae
854 1645 941 1686 Dei

298 1721 518 1763 magnum.
548 1708 632 1762 (20)
654 1708 719 1750 Et
746 1709 940 1749 calcatus

298 1780 364 1815 est
394 1774 514 1815 lacus
546 1780 676 1814 extra
705 1774 936 1825 civitatem,

301 1845 345 1880 et
371 1838 510 1880 exivit
532 1836 715 1894 sanguis
752 1837 806 1879 de
840 1838 938 1880 lacu

301 1916 436 1958 usque
464 1898 524 1944 ad
539 1903 704 1958 frenos
735 1915 943 1958 equorum

293 1981 380 2023 per
396 1967 542 2011 stadia
569 1969 690 2010 mille
721 1974 939 2010 sexcenta.

1069 598 1179 652 (Fol.
1201 599 1418 653 29;X1V,
1442 599 1645 655 17)T1xr.

1015 663 1072 705 Et
1087 675 1148 704 un
1169 674 1292 705 autre
1309 663 1461 718 angele
1480 663 1556 706 issi
1576 664 1648 706 del

1013 727 1174 782 temple
1201 741 1286 782 que
1313 739 1378 770 est
1403 741 1458 770 au
1488 728 1587 781 ciel,
1607 729 1648 771 &

1013 793 1070 834 cil
1098 802 1263 834 reavest
1291 792 1302 810 ¹
1329 793 1487 835 faucile
1514 799 1646 848 agsse3

1013 858 1100 912 (18)
1131 858 1172 900 ἃ
1199 871 1261 899 un
1294 868 1415 900 autre
1444 857 1646 913 [angele]‚

1013 922 1089 964 issi
1102 923 1173 964 del
1190 922 1306 964 autel
1325 922 1340 940 ²
1354 922 1431 977 qui
1450 935 1476 964 a
1495 926 1648 978 poeste

1013 1001 1088 1029 sur
1119 987 1190 1029 feu
1220 988 1261 1030 ἃ
1285 1001 1362 1029 sur
1380 1000 1470 1038 eve,
1492 988 1534 1029 δι
1560 987 1650 1029 cria

1011 1066 1036 1094 a
1068 1063 1193 1108 grant
1217 1052 1315 1094 voiz
1335 1066 1359 1094 a
1378 1052 1491 1094 celui
1520 1056 1606 1107 que
1625 1065 1650 1094 ι

1011 1118 1052 1159 la
1081 1117 1238 1159 faucile
1261 1123 1386 1172 agne,
1409 1118 1450 1159 Gt
1471 1117 1614 1159 disoet
1635 1130 1646 1159 ε

1013 1184 1105 1225 Met
1125 1194 1166 1225 ta
1193 1183 1349 1225 faucile
1369 1190 1479 1238 agne
1498 1195 1521 1225 e
1541 1195 1649 1224 ven-

1011 1250 1150 1304 denge
1184 1249 1198 1271 ³
1234 1250 1297 1291 les
1331 1261 1486 1304 grapes
1519 1250 1573 1291 de
1608 1248 1651 1290 la

1009 1314 1139 1369 vigne
1157 1314 1172 1337 ⁴
1184 1315 1237 1355 de
1258 1314 1299 1355 la
1316 1325 1443 1365 terre,
1464 1315 1541 1356 kar
1559 1313 1648 1355 eles

1011 1391 1112 1422 sunt
1134 1385 1318 1420 menres.
1342 1379 1425 1432 (¹9)
1446 1379 1487 1420 δι
1513 1378 1545 1420 li
1571 1391 1650 1420 an-

1011 1446 1105 1499 gele
1121 1445 1221 1486 mist
1241 1458 1286 1485 sa
1302 1444 1458 1486 faucile
1469 1457 1523 1485 en
1538 1454 1649 1485 terre

1012 1513 1052 1552 &
1069 1511 1298 1564 vendenga
1325 1509 1388 1550 les
1413 1509 1565 1563 vignes
1595 1509 1649 1550 de

1011 1577 1053 1618 la
1082 1587 1208 1625 terre,
1236 1577 1276 1618 ἃ
1306 1575 1369 1617 les
1392 1574 1494 1616 mist
1524 1587 1578 1616 en
1608 1574 1649 1615 le

1012 1652 1137 1697 grant
1167 1641 1224 1683 lai
1256 1641 1284 1689 ⁵,
1316 1641 1358 1682 la
1380 1650 1505 1694 grant
1534 1639 1649 1681 fosse

1012 1706 1081 1749 del
1113 1706 1176 1748 ire
1209 1706 1320 1748 Deu.
1354 1704 1439 1759 (20)
1475 1704 1515 1746 ἃ
1547 1714 1651 1746 sunt

1012 1772 1178 1814 foulees
1210 1771 1315 1812 hors
1344 1771 1396 1812 de
1429 1769 1470 1812 la
1489 1769 1587 1822 cite,
1609 1770 1649 1812 δι

1014 1850 1067 1878 en
1082 1835 1158 1877 issi
1171 1836 1187 1858 ⁶
1200 1835 1271 1888 [le]
1284 1848 1386 1877 sanc
1400 1834 1470 1877 del
1484 1833 1540 1876 la'i
1555 1835 1648 1877 des·

1015 1914 1100 1956 que
1129 1914 1176 1943 as
1202 1900 1214 1922 ⁷
1245 1899 1379 1942 freins
1415 1900 1492 1942 des
1509 1899 1524 1921 ⁸
1543 1899 1647 1941 che·-

1016 1979 1138 2007 vauS.

349 2109 379 2133 1.
398 2099 427 2133 B
443 2098 493 2133 ad
516 2098 639 2139 une‚c
663 2102 727 2132 out
745 2108 808 2132 un.
829 2116 870 2123 —
889 2108 926 2132 2.
951 2097 980 2132 C
997 2096 1057 2131 del
1071 2099 1180 2130 auter
1198 2095 1274 2130 issi.
1294 2113 1334 2120 —
1359 2093 1391 2129 3.
1412 2095 1507 2130 BCe
1526 2093 1583 2129 dit
1601 2093 1644 2137 (C

303 2151 388 2195 dist)
409 2151 631 2196 vendengez.
648 2170 688 2176 —
700 2161 735 2194 4.
756 2151 785 2186 C
803 2151 925 2193 ajoute
940 2159 974 2184 e.
998 2168 1042 2176 —
1057 2149 1088 2183 5.
1110 2148 1169 2182 BC
1187 2155 1366 2182 omettent
1383 2147 1417 2181 le
1437 2150 1553 2192 grant
1572 2145 1639 2180 lai.

302 2224 344 2230 —
359 2205 394 2239 6.
416 2206 543 2251 isseyt.
560 2223 601 2230 —
616 2215 649 2249 7.
670 2205 700 2240 C
707 2204 814 2249 jekes
834 2214 895 2238 au.
913 2221 957 2228 -
970 2202 1004 2237 8.
1020 2202 1050 2236 C
1065 2211 1120 2236 as.

351 2324 498 2361 GLose.
516 2323 599 2361 Ceo
614 2333 693 2371 que
713 2322 741 2359 li
757 2330 870 2360 autre
890 2320 1030 2370 angele
1050 2332 1074 2357 a
1090 2319 1236 2357 faucile
1255 2322 1373 2368 agne,
1389 2317 1422 2356 si
1442 2328 1599 2355 comme
1615 2316 1646 2354 li

304 2381 514 2430 premiers,
526 2380 692 2430 signefie
706 2391 785 2430 que
799 2379 837 2417 le
851 2379 956 2418 seint
969 2387 1069 2416 ount
1079 2377 1300 2427 jugement¹
1312 2388 1388 2414 ove
1403 2376 1552 2414 Nostre
1563 2374 1648 2413 Sei-

305 2440 450 2490 gnur&
475 2441 553 2478 Par
573 2440 740 2490 l’angele
760 2450 839 2489 que
859 2438 929 2476 issi
946 2437 1012 2476 del
1037 2436 1144 2475 autel
1164 2437 1202 2474 &
1226 2447 1250 2473 a
1267 2435 1406 2485 poeste
1433 2446 1502 2472 sur
1521 2433 1587 2472 feu
1610 2435 1648 2472 &

306 2512 376 2537 eve
409 2509 503 2538 sunt
524 2499 682 2550 signifie'
699 2498 727 2537 li
742 2499 835 2548 plus
854 2497 953 2535 haut
970 2496 1088 2542 seint,
1109 2495 1143 2533 si
1162 2506 1279 2532 cume
1298 2494 1327 2531 li
1348 2493 1529 2543 apostele
1555 2493 1593 2531 ἃ
1619 2493 1648 2532 li

305 2558 444 2597 martir
468 2559 538 2608 qui
563 2559 682 2596 firent
715 2557 927 2596 sacrefices
957 2567 980 2594 a
998 2556 1088 2594 Deu
1106 2554 1120 2576 ³
1138 2555 1188 2592 de
1217 2553 1281 2591 lur
1301 2565 1408 2600 cors,
1430 2553 1467 2591 &
1485 2564 1556 2592 ore
1574 2560 1648 2603 unt

304 2629 405 2667 poer
421 2617 558 2655 delier
574 2617 611 2655 &
624 2618 674 2655 de
690 2617 703 2639 ⁴
717 2616 877 2654 deslier.
889 2616 968 2653 Par
980 2614 1019 2652 la
1032 2613 1148 2662 vigne
1163 2621 1255 2649 sunt
1271 2611 1438 2661 signefie
1455 2623 1506 2649 en
1518 2611 1647 2650 seinte

307 2675 442 2732 Eglise
461 2675 513 2714 cil
532 2675 602 2724 qui
623 2684 696 2714 unt
714 2675 904 2719 hautesce
930 2674 967 2721 &
986 2684 1145 2722 savoer,
1163 2671 1196 2709 si
1216 2683 1331 2709 come
1355 2671 1533 2715 avaentf·
1535 2682 1647 2731 ,par

1890 3019 1895 3026 v
1884 2943 1902 3006 ἢν·
1877 2499 1910 2930 wngXfflfffflffi-emmoe
1892 2379 1910 2491 vam-qm
1898 2333 1910 2347 ,ς
1899 2306 1903 2314 „
1900 2258 1910 2293 .-
