1910 3158
369 236 430 295 46
702 236 1031 282 L’APOCALYPSE
1061 249 1118 282 EN
1149 248 1369 294 FRANQAIS

368 361 564 416 sulphur.
585 360 667 415 (ιὸ)
685 360 750 401 Et
765 359 820 400 ab
836 359 904 401 his
918 361 998 402 tri-

371 426 448 468 bus
467 425 619 481 plagis
644 423 790 466 occisa
826 431 891 467 est
915 431 999 466 ter-

371 491 432 533 tia
443 504 554 545 pars
572 489 790 531 hominum
813 489 868 531 de
897 489 999 545 igne

371 563 414 598 et
423 555 607 611 desumo
622 562 664 596 et
673 554 880 609 sulphure
889 567 1002 609 quae

364 619 658 675 procedebant
685 619 739 661 de
775 633 852 662 ore
889 621 1000 674 ipso-

369 698 481 726 rum.
519 684 604 738 (19)
640 685 841 728 Potestas
886 685 999 726 enim

371 762 578 804 equorum
598 750 641 791 in
662 762 739 791 ore
763 762 912 791 eorum
936 756 1000 791 est

371 821 414 855 et
442 813 485 854 in
509 814 661 855 caudis
692 827 854 856 eorum.
881 815 998 858 Nam

369 878 534 920 caudae
561 890 710 920 eorum
722 881 887 922 similes
909 893 1000 921 ser-

361 943 563 999 pentibus
600 945 802 986 habentes
839 946 996 999 capita,

370 1015 413 1050 et
425 1008 468 1050 in
486 1009 554 1050 his
568 1016 734 1051 nocent.
754 1010 842 1065 (20)
862 1012 926 1052 Et
938 1024 999 1052 ce—

371 1073 455 1115 teri
473 1073 681 1122 homines,
701 1076 778 1129 qui
796 1089 881 1117 non
899 1082 1002 1118 sunt

370 1138 503 1181 occisi
523 1139 567 1180 in
587 1139 655 1181 his
674 1141 841 1195 plagis,
863 1152 999 1194 neque

361 1204 674 1258 poenitentiam
715 1211 901 1259 egerunt
946 1205 999 1246 de

371 1269 572 1322 operibus
586 1281 788 1309 manuum
803 1282 996 1318 suarum,

372 1339 421 1374 ut
437 1345 521 1374 non
552 1332 794 1374 adorarent
824 1333 998 1374 daemo-

372 1399 446 1440 nia
468 1404 511 1439 et
533 1397 772 1439 simulacra
800 1411 936 1440 aurea
958 1404 1001 1439 et

371 1469 581 1518 argentea
609 1469 652 1504 et
668 1476 798 1505 aerea
823 1470 866 1505 et
892 1462 1000 1518 lapi-

371 1527 453 1569 dea
476 1534 519 1568 et
543 1526 704 1582 lignea,
725 1540 835 1583 quae
866 1540 1001 1583 neque

373 1592 519 1634 videre
539 1598 725 1646 possunt
759 1605 896 1647 neque
928 1606 1004 1634 au-

373 1656 485 1708 dire,
501 1669 636 1711 neque
651 1657 875 1699 ambulare
881 1671 897 1711 ;
913 1658 1000 1712 (21)

374 1728 417 1763 et
457 1735 542 1763 non
575 1729 762 1777 egerunt
781 1724 1004 1776 poeniten-

375 1787 481 1828 tiam
492 1786 547 1827 ab
561 1786 808 1829 homicidiis
824 1789 916 1830 suis
936 1800 1004 1828 ne·

374 1863 458 1906 que
474 1865 501 1892 a
520 1851 739 1908 veneficiis
756 1853 848 1894 suis
870 1866 1005 1907 neque

375 1929 403 1958 a
407 1914 711 1974 fornicatione
727 1929 808 1958 sua
827 1930 963 1972 neque
978 1930 1005 1958 a

365 1981 513 2034 furtis
529 1983 635 2024 suis.

1069 360 1145 400 des
1165 359 1365 402 hommes
1385 359 1431 401 fu
1452 358 1583 411 ocise,
1607 359 1695 415 (¹9)

1071 425 1146 466 kar
1162 424 1204 466 la
1231 425 1379 479 poeste
1406 424 1482 466 des
1508 425 1696 470 chevaus

1070 499 1133 530 est
1166 502 1221 531 en
1246 489 1318 531 lur
1353 489 1547 531 bouches
1573 490 1614 532 δι
1642 502 1697 531 en

1071 554 1173 609 [kur]
1203 555 1375 598 keuves.
1406 555 1462 597 Et
1491 555 1563 597 lur
1591 556 1698 597 keu-

1068 632 1143 660 ves
1163 619 1175 637 ¹
1209 619 1470 662 resemblent
1518 632 1699 676 serpenz

1069 683 1145 739 qui
1165 694 1245 725 unt
1268 694 1416 736 testes,
1431 685 1473 726 &
1491 697 1545 726 en
1564 684 1579 702 ²
1596 698 1698 726 ceus

1070 748 1245 790 nuisent
1263 748 1290 801 ³,
1313 748 1405 803 (20)
1419 749 1460 790 ἅ
1476 749 1541 792 les
1555 759 1698 791 autres

1070 813 1271 855 hommes
1306 813 1500 868 periront
1533 813 1610 871 'qni
1632 826 1698 862 ‚ne

1071 888 1173 921 sunt
1200 878 1292 920 ocis
1311 879 1364 920 de
1392 871 1635 933 ces'pleies,
1654 877 1698 922 ki

1071 958 1124 986 ne
1162 954 1240 985 ont
1286 944 1344 985 fet
1394 956 1586 999 penance
1623 944 1699 987 des

1071 1023 1220 1051 eovres
1248 1009 1386 1050 delur
1413 1007 1572 1058 mains,
1593 1007 1700 1062 qu’il

1071 1075 1338 1122 n'aorassent
1362 1072 1528 1125 diables
1547 1074 1587 1115 &
1605 1073 1701 1115 faus

1070 1141 1178 1182 deus
1196 1140 1290 1180 d'or
1306 1139 1346 1180 ἃ
1361 1138 1414 1179 de
1430 1148 1581 1192 argent
1593 1139 1635 1180 ἃ
1648 1137 1700 1181 de'

1069 1205 1192 1246 latun
1215 1206 1255 1246 δι
1269 1205 1321 1246 de
1338 1216 1438 1258 pere
1458 1205 1499 1246 ἀ
1515 1204 1568 1245 de
1587 1203 1699 1255 fust3

1071 1270 1155 1324 (21)
1181 1271 1220 1312 ἃ
1248 1283 1301 1310 ne
1332 1279 1413 1310 unt
1439 1281 1516 1324 pas
1541 1268 1600 1310 fet
1625 1280 1701 1322 pe-

1071 1347 1207 1376 nance
1246 1334 1300 1375 de
1343 1334 1413 1375 lur
1452 1332 1702 1375 homecides

1071 1413 1125 1441 ne
1154 1400 1207 1440 de
1239 1398 1310 1440 lur
1338 1397 1611 1452 euvenimers
1647 1410 1702 1438 ne

1072 1465 1124 1506 de
1158 1464 1228 1506 lur
1255 1462 1540 1505 fornications
1562 1474 1617 1503 ne
1647 1461 1700 1503 de

1072 1529 1142 1571 lur
1160 1528 1357 1571 larecins.

421 2108 451 2132 1.
468 2098 527 2132 BC
547 2103 724 2132 ornettent
741 2097 794 2132 Et
814 2098 873 2132 lur
892 2098 931 2133 k.
950 2116 991 2124 —
1017 2108 1051 2133 2.
1070 2099 1098 2133 C
1117 2105 1215 2133 omet
1234 2108 1291 2133 en.
1305 2118 1344 2125 -
1365 2098 1397 2133 3.
1413 2098 1472 2133 BC
1491 2099 1636 2143 placent
1655 2098 1702 2133 ici

377 2152 411 2185 le
426 2151 688 2186 commentaire
704 2151 768 2185 des
779 2157 917 2186 ver-sets
942 2151 983 2185 13
1004 2151 1026 2186 ὲ
1052 2162 1105 2197 19.
1610 2151 1626 2154 “’

425 2282 569 2320 Οιοεε.
593 2281 641 2319 Li
661 2279 860 2320 chevalier
889 2281 1100 2331 signefient
1120 2282 1148 2319 li
1175 2290 1310 2331 tyr-ant
1325 2282 1336 2300 ¹
1359 2281 1423 2320 del
1451 2280 1619 2328 munde3
1645 2279 1704 2318 les

379 2339 552 2379 chevaus
569 2340 627 2378 les
640 2339 789 2378 herites
805 2339 875 2389 qui
893 2340 980 2378 funt
998 2340 1056 2378 les
1076 2349 1210 2379 autres
1229 2341 1396 2378 messere
1410 2340 1556 2389 parlur
1574 2338 1704 2377 ensei-

381 2408 581 2448 gnement.
603 2400 682 2437 Par
698 2399 736 2437 le
764 2399 831 2437 feu
859 2411 937 2449 que
966 2399 1038 2437 issi
1058 2400 1128 2438 des
1154 2399 1331 2437 bouches
1361 2410 1413 2437 au
1444 2399 1618 2437 chevaus
1646 2406 1706 2437 est

382 2458 538 2507 significi
565 2458 776 2496 coveitisse
796 2470 819 2496 a
847 2458 940 2508 quei
962 2458 975 2476 ²
992 2467 1110 2498 turne
1134 2459 1171 2496 le
1189 2458 1447 2507 prechement
1473 2469 1517 2495 as
1536 2457 1704 2505 herite83

381 2527 455 2564 par
473 2517 511 2554 la
526 2517 658 2556 furnee
674 2517 848 2567 orguei13
868 2529 941 2567 per
959 2517 997 2556 le
1016 2517 1137 2559 suffr-e
1160 2517 1314 2554 luxure.
1336 2517 1395 2554 De
1413 2528 1480 2554 ces
1497 2515 1594 2558 treis
1610 2527 1706 2566 pec·

384 2575 496 2612 chiez
519 2585 612 2615 sunt
639 2578 747 2614 arme
770 2576 799 2614 li
818 2577 1015 2626 chevaler,
1036 2578 1072 2615 ἃ
1086 2578 1136 2616 de
1154 2588 1249 2614 ceus
1268 2575 1368 2614 trois
1382 2575 1573 2626 pecchiez
1585 2575 1598 2597 ³
1613 2582 1707 2625 som

385 2645 602 2683 corrumpu
618 2647 697 2674 une
716 2645 831 2686 grant
847 2636 975 2684 partie
994 2636 1065 2675 des
1084 2647 1183 2686 genz
1203 2635 1253 2674 de
1271 2646 1317 2674 ce
1335 2635 1501 2675 munde.
1525 2635 1610 2679 Ceo
1624 2645 1706 2684 'que
