1910 3158
511 272 845 318 L'APOCALYPSE
874 284 932 316 lm
963 284 1186 329 mungms
1460 287 1474 317 1
1491 287 1505 317 1

175 398 399 445 puina.
418 413 462 424 -
480 405 517 442 9.
538 395 597 430 BC
614 402 796 430 omettent
812 395 865 430 la.
886 413 926 420 -
949 404 1008 429 10.
1031 395 1178 438 Βροιν,
1195 395 1369 440 Cpouer.
1395 412 1436 420 -
1461 407 1512 431 u.

176 449 622 498 {muchan-nale.

223 571 310 624 Pet,
321 571 484 610 lezabel
501 579 596 609 sunt
612 570 778 620 signefie
793 570 822 608 li
843 570 1003 610 maistre
1020 571 1147 610 hex-ite
1166 570 1208 609 ki
1223 571 1359 612 vivent
1374 572 1516 612 solunc

178 630 220 683 lg
240 628 400 671 volente
424 630 475 668 de
505 630 545 667 la
579 629 689 677 char,
710 630 748 668 ἀ
777 638 986 668 ensement
1013 630 1024 648 ¹
1057 630 1294 680 enseignent
1325 641 1517 671 encuntre

176 679 429 738 l’euvn'ngile.
451 689 557 728 Ceus
584 700 634 727 ne
653 689 816 727 deivent
834 700 908 738 pas
933 692 1126 727 crestiens
1146 689 1283 728 suffrir
1298 699 1411 729 entre
1430 702 1516 737 eus,

177 746 270 799 'puis
289 747 388 799 qu'il
413 757 506 786 sunt
535 747 702 786 endurci
723 759 773 786 en
792 747 857 785 lur
886 746 994 796 solie,
1022 747 1056 785 si
1082 759 1198 786 come
1214 749 1274 787 dit
1292 748 1321 787 li
1341 758 1516 799 apostre.

178 804 264 845 Ceo
282 804 334 845 ke
350 807 499 845 Nostre
524 806 611 845 Sire
634 806 694 846 dit
719 814 844 845 metre
864 819 915 844 au
934 806 948 824 ¹
971 806 1032 854 lit,
1054 806 1221 856 signefie
1239 807 1289 846 ke
1306 816 1433 857 quant
1450 808 1463 830 ⁸
1482 808 1519 846 le

174 865 348 917 pechere
365 865 450 918 (sol.
473 866 514 914 5)
535 865 613 915 gist
631 865 863 915 longement
888 877 939 903 en
959 877 1036 903 son
1053 865 1220 915 pecchi&
1240 867 1277 905 ἀ
1295 878 1346 905 ne
1358 867 1405 904 ‘se
1426 877 1520 906 veut

179 925 384 972 menda,
412 925 440 962 il
460 925 498 963 le
518 925 594 964 lest
614 937 636 963 a
657 937 702 967 sa
716 925 877 963 volente
904 926 941 963 δι
969 925 997 963 li
1026 926 1161 964 donne
1189 937 1256 964 ces
1286 935 1519 976 temporeus

177 982 342 1023 choses.
367 984 452 1022 Ceo
478 983 576 1033 qu'il
607 984 687 1023 dist
711 983 808 1033 qu’il
835 984 978 1022 cet-che
1006 984 1065 1022 les
1090 984 1198 1023 teins
1218 986 1256 1023 ἀ
1285 985 1343 1023 les
1363 997 1483 1034 quers
1508 986 1522 1008 ⁴

178 1043 338 1094 signiae
374 1043 472 1093 qu’il
510 1044 686 1093 prendre
720 1044 914 1092 venjance
943 1043 994 1081 de
1035 1043 1075 1082 la
1106 1043 1210 1082 male
1244 1043 1309 1082 vie
1345 1056 1425 1094 que
1459 1054 1523 1082 est

178 1102 346 1152 agnou
375 1114 451 1152 par
475 1102 536 1140 les
562 1102 686 1150 teins,
709 1111 749 1141 et
776 1103 827 1141 de
853 1103 1138 1142 mescreantise
1163 1102 1213 1141 ke
1241 1112 1303 1142 est
1330 1103 1520 1152 signefie‘e

178 1172 254 1212 pu·
270 1161 331 1206 la
355 1173 492 1211 quen-s,
510 1170 550 1200 et
581 1173 654 1200 aus
675 1162 779 1200 bons
805 1161 874 1211 qui
893 1171 967 1201 unt
985 1163 1129 1212 pooste
1149 1174 1218 1200 sur
1235 1162 1301 1199 lur
1330 1163 1518 1201 menbres

181 1221 220 1260 ἃ
246 1220 307 1260 les
330 1220 496 1261 dantem
512 1230 672 1270 promet
695 1221 724 1259 il
743 1233 839 1271 poet
864 1222 914 1260 de
934 1230 1069 1260 autres
1094 1233 1305 1271 governer,
1326 1230 1366 1260 et
1384 1234 1407 1259 a
1426 1233 1522 1260 ceus

181 1279 251 1330 qui
279 1288 415 1319 autres
446 1280 696 1318 enluminent
722 1273 798 1330 par⁴
816 1281 922 1319 bone
945 1281 1128 1319 doctrine
1153 1281 1182 1318 il
1212 1281 1277 1318 lur
1306 1289 1464 1330 promet
1483 1281 1522 1319 la

181 1339 307 1379 elme
322 1339 374 1379 de
385 1339 427 1378 ln
441 1339 714 1379 resurrectiun
728 1340 749 1379 J
753 1351 826 1378 esu
837 1340 960 1388 ctist,
969 1341 1007 1378 &
1022 1351 1068 1378 ce
1082 1349 1143 1379 est
1156 1340 1338 1378 l‘esteille
1350 1340 1521 1389 jurnale.

227 1461 257 1484 ι.
280 1450 342 1485 BC
361 1457 542 1485 omettent
565 1455 757 1485 mement.
777 1471 816 1476 -—
849 1461 882 1484 2.
913 1452 972 1486 BC
996 1451 1053 1486 dit
1069 1452 1114 1486 ke
1136 1452 1165 1486 il
1187 1452 1237 1486 aa
1255 1452 1326 1486 mis
1342 1461 1385 1486 en
1407 1452 1460 1486 lit.
1482 1470 1524 1477 —

182 1503 215 1539 3.
234 1503 265 1539 C
282 1503 329 1538 ke
347 1507 427 1538 tant
443 1513 533 1538 com.
553 1523 594 1529 —
609 1514 645 1547 4.
665 1505 694 1539 C
714 1505 833 1539 everis
848 1505 1051 1547 (mauvaise
1073 1506 1212 1539 lecture
1230 1506 1276 1539 de
1294 1505 1428 1549 quer-s).

235 1638 337 1694 (111,
365 1640 401 1695 1)
415 1639 479 1682 Et
497 1641 656 1695 angelo
677 1636 816 1682 eecle-

178 1704 274 1749 siae
302 1703 463 1748 Sardis
489 1704 633 1746 scribe
652 1718 667 1745 .·
686 1705 817 1747 Haec

178 1768 291 1812 dicit
300 1768 383 1825 qui
407 1769 536 1811 habet
552 1776 712 1824 septem
735 1769 817 1825 spi·

179 1833 400 1887 ritusDei,
413 1840 627 1889 etseptem
636 1835 789 1877 stellas
803 1848 817 1876 :

180 1898 289 1942 Scio
300 1911 435 1953 opera
446 1905 536 1951 tua,
547 1899 651 1954 quia
664 1911 817 1941 nomen

184 1962 316 2005 habes
341 1963 459 2018 quod
477 1963 610 2014 vivas,
632 1970 676 2005 et
699 1975 819 2005 mor-

185 2033 354 2070 tnuses.
367 2028 423 2083 (2)
435 2029 547 2070 Esto
561 2029 765 2085 vigilans,
777 2037 821 2071 et

181 2092 397 2149 confirma
423 2100 569 2135 cetera
596 2106 708 2149 quae
727 2107 820 2136 mo-

183 2157 329 2199 ritura
348 2165 488 2200 erant.
501 2159 604 2202 Non
624 2159 737 2201 em‘m
757 2159 819 2201 in-

183 2222 308 2265 venio
326 2235 460 2278 opera
489 2229 564 2266 tua
585 2225 719 2278 plena
745 2237 819 2267 co-

183 2300 281 2330 ram
298 2289 393 2330 Deo
410 2301 518 2330 meo.
539 2288 592 2343 (3)
607 2290 662 2332 In
680 2297 820 2333 mente

182 2364 292 2408 ergo
324 2353 434 2394 habe
470 2354 662 2408 qualiter
701 2367 819 2397 acce-

179 2417 302 2472 peris
318 2424 363 2460 et
378 2417 592 2471 audieris,
614 2426 658 2462 et
672 2433 816 2468 serva,

178 2482 539 2536 &poenitentiam
546 2484 703 2539 age.Si
709 2497 818 2540 ergo

181 2555 269 2588 non
288 2546 559 2603 vigilaveris,
576 2549 746 2591 veniam
760 2550 821 2591 ad

182 2617 226 2653 te
245 2617 461 2666 tamquam
468 2613 570 2668 sur,
593 2620 636 2655 et
652 2614 818 2656 nescies

182 2688 270 2730 qua
288 2676 398 2718 hora
417 2677 584 2720 veniam
605 2678 664 2720 ad
681 2685 736 2720 te.
758 2680 815 2733 (4)

943 1641 1044 1695 (111,
1073 1642 1106 1696 ι)
1133 1642 1191 1684 Et
1218 1642 1259 1683 al
1279 1643 1432 1683 eveske
1453 1642 1524 1683 del

889 1705 1029 1762 yglise
1049 1705 1061 1723 ¹
1082 1708 1135 1748 de
1150 1705 1284 1748 Sarde
1298 1705 1488 1748 escrivez
1510 1719 1519 1747 :

892 1770 984 1813 Ceo
1004 1769 1068 1812 dit
1087 1769 1143 1812 cil
1164 1770 1240 1826 qui
1270 1784 1295 1813 a
1324 1771 1388 1812 les
1421 1771 1517 1825 .vij.

891 1834 1048 1890 espiriz
1069 1835 1166 1877 Deu
1186 1835 1308 1877 &les
1338 1835 1431 1890 xij.
1458 1849 1526 1877 es-

891 1899 1031 1941 teilles
1062 1911 1072 1940 :
1109 1899 1159 1941 Je
1197 1899 1259 1942 sai
1305 1899 1406 1942 bien
1441 1912 1522 1941 voz

891 1977 1058 2015 eovres,
1092 1965 1170 2006 kar
1199 1964 1284 2006 l'en
1321 1964 1408 2007 dist
1439 1978 1525 2019 que

890 2043 970 2071 vos
1017 2029 1153 2082 vivez‚
1201 2031 1240 2071 ἃ
1284 2042 1365 2071 vos
1415 2040 1525 2071 estes

893 2108 1029 2136 morz.
1065 2095 1119 2149 (2)
1158 2095 1246 2135 Pur
1280 2107 1357 2135 ceo
1388 2094 1524 2136 veilez

893 2159 1203 2201 &comfermez
1211 2170 1313 2200 ceus
1326 2158 1403 2213 qui
1415 2169 1524 2200 vum

892 2235 1098 2267 moutam
1116 2224 1142 2265 ².
1164 2224 1186 2265 J
1191 2237 1214 2265 e
1233 2236 1286 2265 ne
1306 2222 1416 2265 truis
1437 2223 1524 2265 mie

891 2303 972 2331 voz
993 2302 1143 2332 eovres
1173 2288 1340 2344 pleines
1364 2289 1523 2330 devant

894 2355 1005 2403 Deu,
1026 2354 1079 2408 (3)
1101 2355 1140 2396 ἃ
1167 2367 1249 2409 pur
1276 2366 1353 2395 ceo
1381 2365 1522 2395 mem-

893 2421 967 2461 bre
976 2432 1056 2461 vos
1069 2427 1379 2460 commentvos
1388 2419 1521 2470 [avez]

890 2483 1021 2539 apris,
1043 2484 1083 2525 &
1102 2483 1142 2524 le
1160 2483 1329 2537 gardez,
1342 2483 1382 2524 ἅ
1398 2482 1522 2525 suites

890 2561 1097 2604 penance.
1117 2548 1174 2589 Et
1189 2546 1226 2589 si
1245 2559 1325 2588 vos
1344 2560 1400 2588 ne
1416 2546 1523 2588 veil-

890 2614 969 2665 lez,
991 2613 1030 2666 je
1049 2612 1228 2655 vendrai
1247 2626 1272 2654 a
1290 2626 1371 2654 vos
1398 2625 1522 2654 com-

890 2689 1009 2720 ment
1043 2677 1074 2719 li
1111 2677 1260 2719 lierres
1291 2678 1304 2700 ³
1335 2688 1472 2732 quant
1505 2677 1521 2701 ⁴
