1910 3158
518 256 849 302 L'ArocAursn
878 267 938 300 nn
968 267 1187 312 fungus
1492 267 1522 314 9

188 382 280 430 Dea
296 381 448 429 luhee
466 391 613 424 mnne
631 380 697 419 del
721 381 735 402 ³
762 379 853 427 ciel,
875 380 913 418 3:
936 391 1010 418 ceo
1027 388 1088 419 est
1109 380 1147 418 le
1166 385 1313 419 menne
1333 388 1519 420 convert.

187 441 335 495 Aeon
350 451 430 493 qne
440 451 515 491 par
533 439 689 478 chatete
706 438 925 478 refrainent
942 439 1007 477 lur
1023 439 1120 478 cher
1135 447 1294 489 promet
1311 439 1341 478 il
1360 438 1526 478 fermete

189 498 351 547 dechar
367 499 407 539 ὰ
420 499 558 544 elme,
576 499 613 537 δι
632 510 705 536 ceo
722 507 783 547 est
801 498 840 536 la
861 498 1032 536 bianche
1050 498 1182 549 pierre
1207 498 1314 538 clere
1341 498 1355 522 ⁴
1389 509 1401 545 ;
1433 506 1472 537 et
1503 509 1528 536 a

189 570 287 602 cens
305 559 359 602 he
375 569 450 609 par
467 557 639 597 discrete
662 557 812 596 silence
839 557 1083 607 refreignent
1109 557 1173 596 lur
1203 557 1349 608 langue
1376 558 1428 597 de
1447 557 1527 596 mal

143 613 149 618 ”
187 617 322 672 parler
337 626 497 669 promet
513 617 541 655 il
558 617 598 655 la
627 616 755 666 gloire
770 616 821 655 de
838 617 926 655 Deu
945 615 1033 655 loer
1050 616 1101 655 de
1119 616 1160 655 la
1171 617 1186 639 ⁵
1209 616 1369 667 langue,
1390 617 1428 656 ἀ
1453 628 1526 656 ceo

186 675 283 728 [αἴ]
295 676 328 716 ῐί
354 677 505 716 nuviau
532 688 617 715 nun
646 675 766 715 escrit
791 687 842 715 en
867 676 906 714 la
939 687 1070 726 perre.
1092 676 1176 714 Ceo
1196 676 1293 726 qu'il
1323 675 1405 716 dist
1427 675 1526 726 qu'il

187 733 340 777 v'eudra
353 744 437 776 tost
455 737 494 775 Gt
517 747 560 774 se
578 735 842 775 ‘combatera
862 747 914 773 au
933 735 1156 774 mesfesanz
1175 735 1240 774 del
1265 735 1384 785 espee
1409 736 1460 774 de
1479 746 1523 773 sa

189 795 350 836 bouche
369 795 535 847 signefie
554 794 605 834 ke
621 807 672 834 en
685 807 767 846 pou
787 795 838 834 de
857 795 956 833 hore
973 807 1110 834 severe
1129 795 1245 834 l'ame
1264 795 1328 833 del
1345 807 1436 834 cors
1451 806 1525 845 par

189 863 297 896 nort
312 855 548 905 temporele‚
578 855 615 894 Gt
639 866 713 894 ceo
744 862 805 894 est
834 854 872 892 le
893 854 1106 894 trenehant
1133 854 1199 893 del
1227 855 1346 904 espee
1359 854 1416 893 ·de
1444 865 1525 892 une

186 922 303 965 ματη
321 922 364 954 et
379 926 432 952 nu
450 922 566 964 grant
587 914 790 963 jugement
808 925 968 952 sevrera
995 925 1086 952 cors
1102 922 1143 952 et
1161 914 1265 952 alme
1281 914 1331 952 de
1357 914 1425 962 [la]
1451 914 1527 951 bo-

190 974 340 1013 neuree
363 973 617 1023 compaignie
643 974 694 1012 de
717 985 782 1012 ses
801 973 898 1012 es1iz
919 974 958 1012 ἀ
975 974 1026 1012 de
1053 985 1098 1012 sa
1124 973 1266 1023 gleire,
1288 974 1325 1012 δι
1356 985 1402 1012 ce
1436 974 1526 1023 [est]

189 1032 228 1072 le
247 1033 460 1073 trenehnnt
476 1032 542 1072 del
561 1033 680 1083 espee
697 1033 747 1072 de
767 1042 880 1071 autre
899 1042 1001 1083 part.

234 1142 268 1168 t.
291 1132 354 1168 Bc
374 1141 554 1179 regna-
578 1143 611 1168 2.
639 1133 698 1167 BC
725 1142 864 1168 receue.
885 1151 927 1160 -
951 1133 983 1168 3.
1009 1133 1068 1168 BC
1093 1133 1225 1168 viande
1242 1133 1299 1169 de.
1326 1144 1362 1177 4.
1385 1134 1414 1167 B
1435 1131 1528 1167 dure

182 1192 275 1231 pere
287 1186 398 1229 clere,
417 1186 448 1221 C
466 1185 559 1221 dure
572 1195 662 1230 pere
680 1181 822 1222 escrite'.
843 1206 882 1212 —
902 1187 935 1222 5.
950 1187 1010 1221 BC
1025 1197 1081 1222 sa.
1098 1206 1139 1212 —
1157 1187 1192 1222 6.
1210 1187 1238 1221 B
1257 1197 1319 1222 sen
1340 1186 1458 1231 (s'en).

238 1305 323 1360 (11,
339 1305 407 1360 18)
416 1305 480 1347 Et
498 1306 656 1360 angelo
674 1306 822 1360 Thya-

191 1369 308 1413 tira
362 1369 570 1412 ecclesiae
617 1370 762 1412 scribe
807 1382 823 1412 .·

187 1435 319 1478 Haec
343 1434 455 1478 dicit
469 1434 614 1477 Filius
639 1435 726 1477 Dei
748 1434 825 1490 qui

190 1499 322 1542 ubet
385 1501 536 1542 oculos
606 1505 824 1555 tamquam

176 1564 411 1622 stamnum
449 1565 581 1621 ignis,
615 1571 659 1606 et
691 1564 824 1618 pedes

190 1628 285 1685 ejus
331 1629 497 1671 similes
550 1629 822 1677 aurichalco.

190 1693 274 1749 (19)
294 1693 413 1738 Novi
443 1706 577 1747 opera
597 1700 686 1745 tua,
706 1700 750 1735 et
760 1694 825 1750 fi-

190 1757 302 1810 dem,
325 1765 371 1801 et
397 1758 657 1800 charitatem
689 1765 819 1810 tuam,

190 1829 235 1866 et
262 1822 552 1866 ministerium
582 1829 626 1864 et
652 1823 824 1877 patien-

190 1887 296 1930 tiam
337 1894 468 1939 tuam,
504 1894 549 1930 et
585 1900 718 1941 opera
752 1894 826 1930 tua

190 1949 425 1991 novissima
434 1951 572 2004 plura
579 1952 822 2006 prioribus.

194 2014 281 2068 (20)
295 2014 387 2056 Sed
403 2014 539 2056 habeo
557 2017 766 2059 adversus
785 2024 826 2059 te

184 2091 330 2133 pauca
348 2091 364 2119 .·
382 2078 487 2133 quia
498 2081 720 2134 permittis
736 2095 826 2123 mu-

194 2143 346 2185 lierem
390 2144 583 2199 lezabel,
622 2158 734 2200 quae
778 2159 825 2188 se

190 2207 301 2251 dicit
321 2211 576 2264 propheten,
600 2210 758 2253 docere
784 2218 827 2253 et

188 2272 397 2316 seducere
415 2287 565 2316 servos
583 2289 700 2317 meos
721 2276 825 2332 for·

192 2337 337 2380 nicar-i
383 2346 428 2381 et
472 2341 737 2383 manducare
771 2341 826 2383 de

193 2401 474 2459 idolothytis.
513 2405 599 2459 (21)
628 2406 691 2447 Et
726 2406 827 2449 dedi

194 2466 264 2508 ini
278 2474 442 2523 tempus
455 2477 504 2511 ut
514 2471 829 2525 poenitentiam

192 2539 361 2587 ageret,
388 2541 431 2576 et
455 2548 540 2577 non
564 2537 656 2578 vult
677 2537 829 2591 poeni-

194 2602 287 2639 tere
322 2610 350 2639 a
380 2598 687 2653 fornicatione
731 2615 826 2645 sua.

196 2659 282 2715 (22)
313 2661 430 2705 Ecce
455 2665 626 2708 mittam
656 2678 750 2708 eam
784 2667 827 2708 in

948 1305 1029 1359 (11,
1067 1307 1134 1360 18)
1172 1307 1229 1348 Et
1264 1305 1305 1348 al
1342 1319 1529 1360 evesque

896 1371 966 1412 del
984 1370 1123 1426 yglise
1148 1371 1201 1412 de
1233 1370 1432 1413 Thiatire
1462 1384 1530 1412 es-

896 1435 1038 1477 crivez
1074 1447 1086 1478 τ
1117 1435 1211 1478 Ceo
1250 1435 1315 1477 dit
1352 1435 1392 1477 le
1424 1434 1528 1477 fiulz

899 1500 996 1542 Deu
1027 1500 1071 1541 ki
1100 1513 1125 1542 a
1153 1500 1164 1519 ¹
1194 1500 1256 1542 les
1288 1500 1375 1542 oilz
1401 1513 1526 1542 come

897 1564 1055 1606 flambe
1082 1565 1138 1606 de
1167 1565 1237 1607 feu
1264 1566 1304 1607 &
1332 1565 1396 1606 les
1433 1565 1529 1619 piez

897 1643 983 1684 que
999 1630 1308 1671 resemblerent
1328 1629 1343 1648 ⁸
1360 1629 1526 1672 orchal.

899 1695 982 1749 (19)
1011 1695 1060 1736 Je
1089 1694 1152 1736 sai
1190 1707 1271 1736 voz
1307 1707 1460 1736 eovres
1490 1696 1530 1736 δι

897 1770 1041 1801 vostre
1063 1759 1123 1802 foi
1140 1761 1181 1801 ἃ
1195 1770 1339 1801 vostre
1352 1758 1531 1809 charite,

897 1826 938 1866 ἃ
981 1837 1154 1866 comme
1195 1837 1273 1866 vos
1315 1834 1426 1866 estes
1465 1824 1531 1866 ale

898 1902 975 1944 par
988 1890 1313 1932 amendement.
1335 1889 1530 1944 (20)Mes

898 1967 985 1996 une
1031 1954 1165 1997 chose
1198 1954 1213 1997 i
1252 1967 1292 2002 a.
1331 1968 1417 2010 que
1450 1968 1529 1997 vos

898 2018 1056 2061 suffrez
1094 2032 1180 2061 une
1214 2019 1374 2061 femme
1406 2019 1527 2062 Jeza-

901 2083 985 2134 bel,
1008 2085 1059 2125 ke
1079 2083 1166 2125 dist
1180 2096 1265 2137 que
1276 2083 1342 2125 ele
1355 2094 1420 2125 est
1434 2096 1532 2139 pro·

898 2148 1105 2202 phedsse,
1127 2149 1167 2190 &
1195 2148 1209 2170 ³
1237 2148 1467 2203 enseigner
1489 2150 1529 2190 ἃ

898 2213 1104 2254 fortraere
1123 2213 1186 2254 les
1207 2212 1348 2254 miens
1366 2225 1421 2254 en
1448 2212 1533 2254 for·

899 2277 1092 2319 nication
1112 2278 1153 2319 ἀ
1168 2290 1193 2319 a
1208 2277 1221 2299 ⁴
1239 2289 1418 2331 manger
1431 2277 1532 2319 des*

899 2342 1122 2384 sacrefices
1155 2355 1203 2384 as
1239 2342 1407 2397 ydoles.
1449 2342 1533 2397 (αι)

902 2408 958 2449 Et
977 2421 1028 2461 ge
1049 2407 1079 2448 li
1105 2407 1145 2448 ai
1166 2408 1280 2448 done
1310 2419 1462 2461 espace
1482 2408 1535 2449 de

905 2471 1109 2527 repentir,
1134 2473 1173 2514 δι
1205 2471 1270 2513 ele
1301 2485 1354 2513 ne
1386 2483 1534 2523 veust3

904 2538 987 2590 (22)
1003 2538 1043 2579 &
1057 2549 1134 2591 par
1145 2536 1161 2559 ⁸
1174 2536 1304 2579 ceola
1316 2536 1466 2579 metrei
1482 2550 1534 2592 ge

903 2616 957 2644 au
988 2601 1062 2653 lit;
1087 2612 1128 2644 et
1163 2600 1219 2644 cil
1245 2601 1321 2656 qui
1357 2614 1536 2645 averont

901 2666 1180 2721 compaignie
1199 2679 1223 2708 a
1256 2667 1303 2715 li,
1326 2667 1354 2709 il
1387 2679 1536 2710 serunt
