1910 3158
367 278 424 324 26
700 279 1031 325 L’APOCALYPSE
1061 293 1119 326 EN
1150 294 1370 339 FRANQAIS

412 403 476 457 (V,
496 404 561 459 11)
582 404 645 446 Et
663 403 766 455 vidi,
787 410 828 445 et
847 403 996 445 audivi

363 481 508 510 vocem
551 470 810 524 angelorum
837 470 995 510 multo-

363 546 459 574 rum
490 533 533 575 in
563 533 750 574 circuitu
771 532 918 574 throni
954 539 998 574 et

362 598 616 640 animalium
660 606 704 652 et
732 599 952 641 seniorum
975 613 992 651 ;

362 670 405 705 et
446 671 545 705 erat
591 677 797 706 numerus
843 678 994 706 eorum

361 728 502 770 millia
531 729 729 781 millium,
751 728 832 785 (12)
850 730 991 772 dicen-

361 793 467 834 tium
486 807 586 836 voce
603 807 765 850 magna
785 808 799 836 :
817 794 993 850 Dignus

359 865 424 900 est
440 872 595 914 agnus,
633 859 710 914 qui
728 859 896 902 occisus
910 867 988 913 est,

356 923 553 978 accipere
583 924 785 967 virtutem
811 932 854 966 et
877 924 991 967 divi-

359 988 538 1030 nitatem
577 996 620 1030 et
651 989 912 1044 sapientiam
950 997 993 1031 et

346 1052 664 1108 fortitudinem
705 1061 750 1096 et
783 1056 991 1096 honorem

358 1124 402 1158 et
429 1118 623 1172 gloriam
656 1125 700 1160 et
726 1119 990 1161 benedictio-

358 1195 472 1225 nem.
496 1183 584 1238 (13)
602 1184 666 1225 Et
683 1197 849 1237 omnem
868 1198 990 1226 crea-

359 1255 502 1289 turam
515 1262 625 1303 quae
657 1248 700 1289 in
731 1251 853 1290 caelo
873 1256 938 1290 est
949 1257 993 1290 et

355 1326 487 1368 super
506 1320 671 1355 terram
691 1321 734 1356 et
745 1314 824 1356 sub
851 1321 987 1368 terra,

359 1385 402 1420 et
430 1386 670 1432 quaesunt
709 1379 753 1420 in
800 1380 915 1421 mari
949 1386 992 1421 et

357 1456 467 1498 quae
498 1443 542 1484 in
572 1456 636 1495 e0,
667 1457 814 1486 omnes
841 1444 991 1486 audivi

359 1508 550 1550 dicentes
569 1522 584 1550 .·
604 1508 785 1550 Sedenti
804 1509 847 1550 in
869 1509 992 1551 thro-

359 1586 413 1614 no
443 1579 486 1614 et
513 1586 644 1628 agno,
675 1573 915 1615 benedictio
951 1582 995 1616 et

358 1639 499 1679 honor
517 1645 560 1679 et
575 1638 726 1693 gloria
743 1645 787 1679 et
796 1645 992 1692 potestas

356 1705 399 1745 in
414 1706 589 1746 saecula
599 1707 888 1747 saeculorum.
901 1707 991 1761 (14)

356 1770 420 1811 Et
448 1777 639 1825 quatuor
675 1770 888 1812 animalia
923 1771 994 1812 di-

355 1835 510 1877 cebant
543 1837 698 1877 Amen.
731 1836 795 1877 Et
831 1835 994 1891 viginti

354 1897 544 1955 quatuor
585 1899 781 1941 seniores
824 1900 992 1941 cecide-

359 1970 465 2006 runt
483 1964 527 2005 in
543 1964 687 2017 facies
705 1977 808 2006 suas
826 1971 870 2006 et
883 1965 992 2006 ado-

358 2036 568 2071 raverunt
592 2030 801 2071 viventem
827 2030 870 2072 in
898 2043 992 2072 sae-

355 2097 454 2136 cula
490 2097 777 2137 saeculorum.

1120 405 1186 459 (V,
1217 414 1279 461 11)
1301 406 1337 448 E
1368 406 1436 460 jeo
1466 406 1507 447 vi
1528 406 1569 448 la
1586 419 1698 462 voyz

1067 470 1124 524 [e]
1149 482 1206 525 oy
1225 471 1278 512 de
1303 483 1406 512 muz
1435 472 1511 512 des
1533 471 1699 514 millers

1066 535 1144 576 des
1188 535 1353 590 angelis
1403 536 1619 578 enviroun
1657 537 1698 579 la

1066 600 1223 641 throne
1244 613 1266 641 e
1285 600 1347 642 les
1385 601 1542 653 bestes‚
1566 601 1658 656 (12)
1676 615 1698 643 e

1065 665 1225 707 diseint
1244 678 1268 707 a
1301 675 1424 720 grant
1445 679 1556 724 voyz
1586 680 1596 709 :
1637 667 1698 708 Le

1037 740 1043 744 ·
1065 729 1208 785 aignel
1224 731 1275 771 ke
1287 741 1350 772 est
1363 730 1477 772 oscis
1490 742 1554 778 est
1567 731 1698 786 digne

1064 808 1088 837 a
1112 808 1338 850 receyvere
1366 805 1490 838 vertu
1529 809 1551 837 e
1577 795 1698 838 devi-

1063 860 1153 901 nite
1191 873 1213 907 e
1264 859 1480 914 sapience‚
1520 860 1638 909 force
1675 873 1698 902 e

1062 925 1211 967 honur
1239 939 1262 967 e
1281 926 1420 981 glorie
1445 939 1468 968 e
1494 926 1696 975 benisun,

1062 1003 1085 1031 e
1106 991 1156 1032 ke
1187 1001 1298 1032 totes
1317 1000 1534 1032 creatures
1554 991 1595 1032 le
1613 991 1698 1034 ho-

1063 1065 1243 1107 nurent3
1273 1055 1361 1109 (13)
1384 1066 1427 1097 et
1453 1055 1517 1096 les
1547 1066 1698 1110 quatre

1062 1120 1203 1161 bestes
1235 1118 1396 1160 diseint
1426 1121 1584 1161 Amen.
1611 1120 1696 1176 (¹4)

1063 1185 1099 1225 E
1119 1185 1181 1226 les
1197 1179 1291 1225 v'int
1310 1197 1332 1225 e
1353 1194 1504 1238 quatre
1529 1179 1698 1227 maiurs’

1062 1249 1302 1304 cheyerunt
1333 1261 1387 1290 en
1427 1249 1499 1290 lur
1529 1248 1643 1290 faces
1674 1264 1698 1292 e

1062 1314 1300 1356 ahorerunt
1314 1313 1394 1355 celi
1417 1315 1468 1354 ke
1483 1313 1546 1355 vit
1563 1327 1697 1356 saunz

1061 1378 1156 1430 fin.]

402 2237 461 2274 La
480 2237 570 2274 voiz
591 2237 641 2274 de
662 2249 753 2274 muz
775 2237 926 2274 millers
956 2237 1007 2274 de
1028 2237 1209 2286 aungelis
1231 2237 1397 2287 signefie
1414 2237 1453 2275 la
1471 2238 1563 2287 joye
1582 2237 1632 2275 ke
1652 2238 1693 2287 ly

353 2295 521 2344 aungele
546 2298 620 2333 'unt
648 2306 698 2332 en
721 2293 812 2342 ciel,
828 2306 849 2332 e
878 2294 919 2343 ly
951 2303 1067 2344 seynt
1096 2295 1216 2332 home
1234 2306 1255 2331 e
1276 2294 1382 2332 seint
1403 2294 1552 2344 Eglise,
1574 2295 1624 2332 de
1652 2295 1692 2333 la

354 2365 532 2391 raunson
563 2354 614 2391 de
644 2353 819 2392 humene
850 2352 973 2402 ligne,
994 2365 1014 2391 e
1047 2354 1096 2391 de
1129 2362 1235 2391 totes
1266 2353 1324 2390 les
1352 2365 1491 2402 graces
1524 2353 1574 2391 ke
1601 2354 1689 2391 Deu

350 2412 486 2450 doune
501 2424 523 2450 a
539 2412 642 2451 seint
660 2412 794 2462 Eglise
812 2412 906 2462 deyt
921 2412 1044 2449 homo
1061 2412 1205 2450 rendre
1219 2412 1278 2449 les
1296 2411 1419 2449 meriz
1434 2423 1457 2449 a
1472 2412 1492 2450 J
1496 2424 1568 2450 esu
1584 2413 1692 2451 Crist

349 2482 423 2519 par
441 2471 582 2509 merite
611 2470 665 2520 ky
694 2480 755 2509 est
780 2471 805 2509 ⁸.
830 2471 863 2508 E
895 2482 967 2508 ceo
998 2479 1059 2509 est
1089 2471 1126 2508 le
1158 2469 1475 2508 confermement
1503 2483 1526 2508 a
1546 2480 1688 2520 quatre

352 2532 485 2568 bestes
503 2531 553 2568 ke
573 2531 684 2569 dient
699 2531 829 2568 Amen
849 2542 870 2568 e
887 2531 926 2568 le
943 2542 1035 2568 orer
1053 2542 1077 2568 a
1096 2530 1181 2568 vint
1200 2541 1222 2566 e
1240 2538 1381 2578 quatre
1399 2530 1582 2579 maiurs.]

398 2703 426 2727 1.
445 2693 549 2726 Corr.
566 2703 639 2736 par
657 2694 716 2728 cui
733 2694 794 2736 (ou
808 2704 882 2738 par
899 2695 994 2737 quel)
1012 2694 1139 2728 merite
1156 2702 1218 2728 ceo
1236 2697 1305 2727 est.

1880 2280 1895 2322 ἢ*
1883 2133 1901 2267 Ῑ“””“·’·“’·”·’·’““··
1888 1956 1910 2114 <-’““·;έν·ηυ*οέ
1894 1701 1910 1937 ὴξᾼ-Μι-εςὼώ.
1905 1662 1910 1683 Δ.
1908 1632 1910 1635 ,
1907 1604 1910 1609 ,

1853 2775 1895 2897 εκ».-
