1910 3158
368 322 454 356 CLII

415 434 494 471 Per
512 443 651 470 vocem
672 430 781 468 illius
799 428 999 479 significa-

365 506 431 537 tur
465 505 603 534 sancta
637 494 876 545 predicatio.
919 495 998 532 Per

367 570 519 611 septem
549 561 684 599 stellas
719 558 998 608 significantur

365 627 508 676 prelati
529 626 598 674 qui
618 625 659 662 in
674 624 788 662 laicis
807 625 996 662 tenebras

363 690 596 740 ignorancie
646 690 796 727 debent
845 689 996 726 illumi-

365 769 478 797 nare.
529 758 607 794 Per
641 754 719 792 hoc
760 754 870 803 quod
902 763 997 792 sunt

364 823 415 859 ad
471 823 692 867 dexteram,
741 819 994 869 significatur

365 888 476 936 quod
513 880 662 924 debent
695 886 737 923 in
777 884 885 922 curis
916 884 993 932 spi-

364 950 578 988 ritualibus
591 961 840 999 permanere.
859 950 936 987 Per
949 959 994 986 os

365 1001 644 1064 significantur
680 1015 775 1052 boni
808 1014 995 1064 predica-

363 1082 602 1122 tores.⁴·‹Per
630 1082 808 1131 gladium
841 1080 996 1129 ancipi-

362 1154 455 1191 tem,
486 1146 657 1183 verbum
677 1144 765 1192 Dei,
801 1144 913 1194 quod
947 1154 997 1181 ex

363 1220 444 1248 una
463 1218 576 1259 parte
595 1217 754 1258 separat
767 1208 954 1257 spiritum
973 1219 996 1245 a

363 1274 448 1313 suis
467 1273 694 1320 desideriis,
722 1282 762 1312 et
792 1285 842 1311 ex
862 1273 996 1311 -altera

363 1347 476 1389 parte
510 1350 673 1377 carnem
708 1351 730 1376 a
762 1338 995 1377 curiositate

363 1403 615 1442 diviciarum.
850 1414 851 1417 ¹

411 1469 635 1518 Hociquod
654 1468 855 1506 Dominus
867 1479 996 1517 -appo-

364 1533 423 1571 uit
442 1544 609 1570 manum
627 1533 849 1580 dexteram,
870 1532 996 1582 signi-

361 1597 457 1635 ficat
475 1598 587 1646 quod
602 1596 802 1634 Dominus
816 1596 886 1635 dat
902 1608 995 1645 pre-

362 1662 454 1700 latis
473 1661 653 1711 vigorem
682 1670 720 1700 et
745 1660 995 1710 pacienciam

362 1735 503 1765 contra
527 1726 852 1776 persecuciones.

410 1794 500 1830 Hoc
517 1793 628 1842 quod
646 1791 848 1831 Dominus
867 1802 998 1840 repre-

362 1858 508 1896 hendit·
516 1857 754 1907 episcopum
775 1855 933 1905 Ephesi
945 1856 996 1894 de

363 1922 582 1960 amissione
592 1921 785 1967 caritatis,
797 1919 997 1970 significat

362 1988 464 2025 illud
493 1987 605 2036 quod
627 1986 727 2024 dicit
747 1984 993 2035 ApOStolus:

365 2066 381 2086 «
394 2051 437 2088 Si
448 2051 629 2089 habuero
637 2059 792 2090 tantam
804 2050 927 2089 fidem
939 2049 996 2087 ita

362 2125 407 2153 ut
419 2125 579 2154 montes
590 2116 843 2162 transferam,
855 2114 997 2155 carita-

361 2190 444 2219 tem
464 2190 599 2220 autem
622 2193 707 2219 non
726 2182 912 2228 habeam,
933 2178 995 2217 ni·

362 2245 442 2282 chil
452 2245 576 2283 michi
586 2246 763 2294 prodest,
777 2259 794 2280 »
807 2243 996 2293 precipue

361 2310 536 2358 pertinet
553 2311 604 2348 ad
622 2311 800 2359 prelatos
813 2309 884 2358 qui
897 2309 997 2347 cari-

362 2383 484 2412 tatem
522 2365 670 2413 debent
705 2374 854 2412 habere
900 2385 995 2422 erga

363 2451 504 2477 omnes
537 2449 619 2478 tam
649 2438 839 2489 parvulos
871 2450 993 2486 quam

363 2503 536 2541 adultos.

857 318 1207 352 coMMssNTAmES

1118 430 1176 468 La
1197 430 1288 469 voiz
1307 431 1473 481 signefie
1502 432 1542 470 la
1565 432 1700 482 predi-

1068 494 1204 533 cation
1219 496 1358 535 sainte.
1378 498 1454 535 Les
1475 505 1563 547 sept
1576 497 1701 536 estoi-

1067 560 1126 598 les
1151 561 1372 610 segnefient
1391 562 1450 600 les
1471 563 1604 612 prelas
1631 563 1700 612 qui

1068 623 1233 661 doivent
1245 624 1283 662 le
1295 625 1443 674 pueple
1457 626 1698 666 enluminer.

1070 689 1147 725 Par
1167 699 1212 726 ce
1240 701 1318 738 que
1345 689 1372 727 il
1401 691 1459 728 les
1479 693 1588 731 avoit
1607 705 1630 731 a
1655 705 1699 732 sa

1067 753 1214 800 destre,
1224 755 1587 804 sont'segnefiesles
1594 758 1698 796 bons

1065 818 1134 866 qui
1156 819 1362 868 tousjours
1390 829 1483 859 sont
1514 832 1565 859 en
1598 833 1699 860 con-

1063 881 1320 931 templacion.
1360 884 1413 922 Sa
1450 885 1609 924 bouche
1643 887 1699 925 si-

1065 947 1195 996 gnefie
1230 947 1268 985 le
1302 949 1533 997 prescheur.
1577 951 1628 989 Et
1661 951 1699 989 le

1067 1012 1209 1062 gleive,
1230 1013 1269 1050 la
1289 1013 1427 1062 parole
1447 1014 1498 1052 de
1518 1014 1632 1062 Dieu,
1649 1016 1700 1053 la-

1068 1078 1186 1128 quele
1239 1072 1358 1117 d'une'
1399 1077 1530 1128 partie
1565 1079 1700 1119 devise

1067 1143 1243 1192 l’esperit
1280 1143 1331 1181 de
1376 1154 1439 1181 ses
1483 1144 1627 1194 desirs,
1650 1152 1703 1184 fet

1068 1207 1209 1245 l'autre
1240 1208 1369 1257 partie
1394 1209 1529 1248 devise
1544 1209 1587 1248 la
1605 1210 1702 1249 char

1068 1273 1140 1310 des
1159 1272 1358 1311 richesses
1371 1273 1422 1311 de
1441 1282 1527 1313 ceSt
1535 1266 1698 1314 mondess

1115 1468 1172 1505 Ce
1200 1479 1280 1517 que
1314 1469 1464 1506 Nostre
1505 1467 1702 1518 seigneur

1069 1533 1164 1572 mist
1183 1545 1228 1571 sa
1246 1534 1356 1571 main
1373 1534 1521 1584 destre,
1536 1532 1702 1582 signefie

1069 1609 1147 1647 que
1177 1598 1280 1636 Dieu
1310 1599 1444 1636 donne
1471 1610 1542 1636 aus
1569 1597 1702 1646 prelas

1069 1662 1179 1700 force
1203 1671 1242 1701 et
1261 1663 1452 1712 pacience
1480 1669 1619 1699 contre
1643 1661 1702 1698 les

1067 1727 1234 1765 ’πιθανός
1246 1730 1542 1776 persecuteurs.
1579 1734 1582 1736 ·
1624 1727 1629 1733 ”

1072 1816 1074 1819 -
1116 1792 1213 1830 Ceei
1257 1790 1424 1841 signefie
1464 1800 1544 1839 que
1598 1785 1702 1828 Dieu

1070 1864 1232 1906 reptant
1272 1856 1489 1904 l'evesque
1511 1850 1701 1905 affffiphesi

1069 1923 1119 1959 de
1155 1933 1201 1959 ce
1233 1921 1374 1970 que->il
1406 1920 1702 1970 avoitzssperdup

1069 1985 1235 2031 charite,
1251 1993 1291 2023 et
1307 1984 1340 2022 si
1366 1983 1612 2034 segnefle-ce
1621 1994 1701 2034 que

1069 2049 1174 2087 saint
1202 2050 1275 2086 Pol
1298 2049 1358 2087 dit
1389 2061 1401 2086 τ
1427 2046 1701 2097 «Se-j’avoie

1069 2114 1178 2152 aussi
1209 2122 1326 2163 grant
1346 2113 1404 2151 foi
1429 2124 1511 2163 que
1530 2113 1572 2162 je·
1596 2119 1699 2154 tres-

1066 2186 1251 2227 passasse
1279 2179 1338 2216 les
1352 2165 1632 2226 monteignes',
1652 2188 1699 2216 ce

1067 2254 1119 2281 ne
1139 2254 1202 2280 me
1228 2241 1485 2291 proufiteroit
1507 2241 1633 2288 nient,
1655 2252 1698 2279 se

1069 2308 1105 2355 je
1126 2307 1216 2356 n'ay
1233 2307 1399 2344 charite.
1422 2319 1439 2341 n
1461 2304 1512 2343 Et
1526 2303 1698 2344 mesme-

1066 2379 1177 2408 ment
1226 2369 1311 2407 ceci
1354 2368 1580 2418 appartient
1625 2380 1697 2406 aus

1066 2435 1197 2484 prelas
1210 2434 1281 2483 qui
1295 2434 1461 2472 doivent
1475 2434 1590 2472 avoir
1601 2435 1698 2472 cha-

1063 2500 1142 2538 ·rite
1175 2511 1318 2538 envers
1341 2499 1400 2536 les
1426 2510 1548 2548 grans
1575 2499 1699 2538 eries

1064 2565 1180 2615 petis.
1684 2563 1690 2571 ’

418 2706 502 2747 Par
512 2706 575 2747 les
599 2707 816 2760 exemples
836 2707 912 2761 qui
929 2706 1137 2748 viennent
1149 2705 1281 2747 d'etre
1302 2705 1541 2760 rapportes‚
1561 2715 1602 2746 et
1621 2704 1697 2759 qui
