1910 3158
386 331 418 377 4
718 316 1052 362 L'APOCALYPSE
1082 329 1139 362 EN
1171 329 1393 374 πιιΑΝςΑιε

382 448 459 476 tent
475 445 581 476 nette.
599 459 639 465 —
658 450 711 475 12.
727 440 787 474 BC
802 439 878 474 des.
890 458 930 464 —
948 439 1000 474 13.
1017 439 1076 474 BC
1090 439 1236 483 pecchi.
1252 457 1293 465 -
1309 449 1363 482 ¹4·
1376 439 1436 473 BC
1457 439 1520 473 les.
1534 457 1575 464 —
1592 438 1648 473 15.
1661 438 1722 474 BC

380 496 447 530 les.
470 513 511 520 —
539 493 592 528 16.
628 494 688 527 BC
721 493 758 527 la
776 503 902 527 menue
922 497 1025 538 gent.
1044 509 1085 519 —
1114 503 1167 537 ¹7·
1191 492 1220 526 B
1236 492 1344 537 sreit,
1365 493 1394 527 C
1412 491 1556 538 fresa,-
1574 492 1660 526 c'eet
1686 492 1723 526 111

380 548 502 582 bonne
523 548 640 588 lecon.
658 564 698 572 —
719 546 773 580 18.
790 547 818 580 Β
835 546 929 587 bine,
948 546 977 580 C
991 546 1074 580 lime
1090 555 1141 580 ou
1152 546 1248 580 lune.
1261 563 1302 570 —
1323 555 1376 590 ¹9·
1396 545 1425 579 B
1442 545 1566 587 1ais,C
1585 545 1724 590 lays.-

381 611 436 636 20.
454 602 483 635 C
505 611 628 634 am.-
643 609 698 634 21.
718 599 775 633 BC
791 599 897 634 bones
909 598 1127 643 essaumples
1148 598 1360 642 (ensamplee
1377 598 1433 642 C).
1451 615 1492 624 —
1512 607 1569 632 22.
1588 598 1649 632 BC
1667 607 1722 632 as.

433 703 484 756 (Ι,
513 703 576 758 17)
608 701 673 743 Et
689 714 787 742 cum
807 700 1009 742 vidissem

379 781 489 819 eum,
511 766 651 809 cecidi
681 765 739 807 ad
760 765 894 820 pedes
919 765 1012 820 ejus

380 841 597 889 tamquam
615 839 825 875 mortuus.
843 835 908 876 Et
930 847 1013 888 po-

377 897 468 938 suit
484 897 712 939 dexteram
733 911 857 940 suam
882 911 1014 953 super

379 975 460 1011 me,
485 962 632 1004 dicens
661 975 676 1003 .·
706 963 818 1006 Noli
844 963 1009 1005 timere.

377 1026 478 1082 Ego
517 1040 613 1068 sum
636 1029 809 1082 primus
848 1035 893 1069 et
935 1041 1013 1070 no-

377 1091 577 1133 vissimus
607 1092 688 1146 (18)
720 1099 763 1134 et
796 1092 945 1145 vivus;
973 1099 1015 1134 et

364 1156 446 1212 fiai
459 1163 669 1209 mortuus,
680 1164 819 1199 etecce
838 1170 934 1199 sum
952 1157 1011 1200 vi·

377 1232 478 1263 vens
485 1221 529 1263 in
537 1223 711 1263 saecula
720 1224 1013 1274 saeculorum;

376 1292 420 1328 et
447 1286 583 1328 habeo
613 1288 755 1328 claves
781 1288 936 1329 mortis
971 1294 1015 1328 et

376 1350 557 1407 inferni.
590 1350 676 1405 (19)
709 1351 866 1392 Scribe
897 1363 1007 1406 ergo

374 1428 485 1470 quac
511 1415 671 1467 vidisti,
696 1422 740 1456 et
762 1428 874 1470 quae
893 1422 1007 1467 sunt,

375 1487 420 1521 et
445 1493 556 1534 quae
584 1486 756 1534 oportet
769 1479 884 1534 fieri
906 1486 1011 1534 post

374 1545 493 1585 haec.
542 1545 626 1599 (20)
677 1546 1007 1586 Sacramentum

372 1615 531 1662 septem
547 1610 789 1661 stellarum,
812 1621 920 1663 quas
945 1610 988 1651 vi
994 1632 1007 1639 -

373 1673 478 1714 disti
507 1674 550 1715 in
597 1673 781 1716 dextera
815 1686 924 1725 mea,
965 1680 1009 1715 et

371 1745 530 1793 septem
547 1739 812 1780 candelabra
832 1750 968 1780 aurea
991 1752 1008 1790 ;

370 1811 527 1859 septem
556 1805 709 1846 stellae
741 1803 892 1858 angeli
905 1809 1008 1844 sunt

370 1875 529 1923 septem
585 1868 866 1910 ecclesiarum
885 1881 902 1920 ;
965 1874 1010 1909 et

371 1933 634 1974 candelabra
657 1939 817 1987 septem
847 1939 1007 1986 septem

370 1997 577 2039 ecclesiae
599 2004 713 2039 sunt.

1139 700 1250 754 (Fol.
1266 707 1316 750 4,·
1333 699 1368 750 Ῑ,
1388 700 1450 755 17)
1470 699 1528 742 Ε1
1548 712 1722 741 comme

1083 778 1134 820 ge
1145 764 1189 807 oi
1199 765 1264 806 ice
1275 771 1374 816 veti,
1385 765 1481 806 chei
1495 778 1596 806 ases
1604 765 1699 820 piez
1710 765 1720 783 ¹

1083 843 1257 872 comme
1278 840 1408 873 mort.
1431 832 1471 873 &
1497 830 1530 873 il
1552 831 1655 873 mist
1674 843 1721 873 511

1084 897 1227 937 destre
1251 909 1325 937 sur
1340 895 1432 937 moi
1451 897 1492 937 &
1511 908 1581 937 me
1597 896 1685 938 dist
1707 907 1717 937 ε

1085 961 1153 1002 Ne
1174 973 1248 1002 aez
1268 966 1396 1015 pour.
1412 960 1434 1002 J
1439 973 1462 1002 e
1477 960 1544 1002 sui
1563 960 1603 1002 le
1623 973 1721 1016 pre-

1085 1026 1216 1067 miers
1235 1027 1274 1068 &
1305 1025 1346 1068 le
1364 1024 1561 1068 darrains
1577 1025 1664 1081 (18)
1680 1028 1721 1069 δι

1085 1091 1162 1133 vif.
1185 1092 1234 1133 Je
1255 1091 1302 1132 fu
1323 1103 1445 1133 morz
1464 1091 1504 1133 &
1521 1103 1596 1133 ore
1614 1090 1722 1137 vifa

1085 1169 1158 1200 tuz
1178 1158 1295 1213 jurs3
1317 1168 1359 1199 et
1387 1170 1439 1212 ge
1469 1155 1510 1199 ai
1537 1156 1580 1199 la
1606 1155 1722 1200 clef’

1083 1224 1136 1264 de
1169 1233 1285 1265 mort
1311 1223 1351 1264 &
1382 1222 1435 1264 de
1468 1221 1603 1264 enfer.
1635 1222 1718 1277 (19)

1083 1287 1289 1330 Escrivez
1317 1288 1434 1328 done
1462 1299 1541 1328 ceo
1569 1287 1621 1328 ke
1641 1299 1720 1329 vos

1081 1365 1183 1394 avez
1210 1358 1293 1394 veti
1324 1353 1364 1394 &
1391 1351 1456 1394 les
1482 1353 1638 1395 choses
1666 1354 1718 1395 ke

1082 1427 1184 1458 sunt
1200 1416 1418 1465 orendret‚
1430 1427 1473 1458 et
1486 1429 1566 1458 ceo
1581 1418 1632 1459 ke
1646 1430 1720 1459 co·

1077 1481 1197 1523 vient
1220 1481 1342 1523 venir
1363 1482 1504 1536 apres.
1527 1482 1614 1536 (20)
1632 1481 1715 1524 Les

1078 1556 1142 1587 set
1169 1545 1355 1588 esteilles
1385 1546 1436 1586 ke
1464 1551 1553 1601 xveti
1576 1558 1678 1588 avez
1702 1546 1716 1569 ⁸

1077 1623 1102 1652 a
1116 1623 1187 1652 ma
1197 1610 1337 1651 destre
1350 1620 1452 1652 sunt
1464 1609 1527 1652 les
1543 1621 1607 1652 set
1619 1623 1718 1666 pre·
1779 1659 1783 1663 ⁴

1075 1675 1136 1717 lat
1159 1675 1212 1716 de
1239 1684 1302 1716 set
1333 1674 1345 1696 ⁴
1370 1673 1548 1729 yglises,
1581 1685 1624 1717 et
1648 1674 1712 1716 les

1079 1749 1143 1780 set
1169 1738 1482 1780 chandelabres
1515 1749 1618 1782 sunt
1652 1739 1715 1781 les

1080 1814 1144 1846 set
1162 1803 1342 1859 yglises.

415 2107 444 2131 1.
466 2098 526 2131 BC
543 2097 576 2131 si
590 2097 646 2131 ch.
667 2107 690 2131 a
709 2101 816 2132 terre.
835 2116 876 2122 -
891 2106 923 2131 2.
936 2097 1058 2132 Mieux
1079 2097 1137 2131 BC
1159 2098 1210 2132 les
1224 2097 1375 2142 clefs.·-
1395 2097 1427 2132 3.
1449 2095 1507 2132 BC
1527 2097 1572 2132 ke
1590 2107 1704 2132 mna.

370 2154 451 2184 νεα.
470 2169 513 2176 -
525 2161 559 2194 4.
582 2151 610 2184 B
630 2151 758 2192 seinte,
773 2151 802 2185 C
821 2150 927 2184 seint.

417 2252 500 2288 Ceo
521 2251 570 2288 ke
592 2250 696 2289 seint
713 2251 859 2298 soban,
880 2259 1007 2300 quant
1025 2250 1054 2288 il
1069 2260 1114 2289 ot
1130 2255 1206 2289 veu
1226 2251 1264 2288 111
1279 2250 1427 2298 visiun,
1450 2250 1542 2289 che'i
1558 2262 1602 2289 as
1617 2251 1707 2301 piez

369 2322 421 2348 au
435 2310 607 2360 Seignur
617 2309 783 2359 signefie
795 2309 844 2347 ke
857 2309 886 2347 11
899 2310 980 2347 bon
994 2310 1136 2359 prelat‚
1147 2309 1216 2359 qui
1231 2322 1254 2348 a
1263 2310 1398 2349 *droite
1410 2309 1481 2357 foi,
1492 2321 1534 2348 se
1548 2310 1707 2349 encline

369 2370 406 2407 δι
419 2370 430 2386 ¹
450 2377 587 2407 entent
604 2380 655 2406 au
675 2368 794 2417 pople
810 2369 898 2406 Deu
911 2368 1117 2406 confesser
1131 2370 1168 2406 &
1187 2368 1414 2407 conseiller.
1431 2369 1517 2407 Ceo
1533 2369 1630 2418 qu’il
1646 2378 1708 2407 est

368 2428 457 2465 ausi
475 2439 631 2465 comme
652 2439 762 2464 morz
780 2427 946 2476 signefie
960 2426 1010 2464 ke
1027 2427 1054 2464 il
1074 2427 1232 2476 guen-pit
1250 2427 1289 2464 la
1302 2427 1429 2476 gloire
1448 2427 1513 2465 del
1537 2428 1701 2466 munde.

370 2488 454 2525 Ceo
474 2487 523 2525 ke
543 2487 572 2524 li
594 2487 703 2524 Sires
724 2495 804 2525 met
823 2499 866 2524 sa
886 2487 1019 2525 destre
1036 2498 1104 2524 sur
1123 2486 1181 2524 lui
1204 2485 1368 2535 signefie
1388 2485 1437 2524 ke
1455 2487 1602 2526 Nostre
1618 2487 1707 2526 Sire

369 2547 475 2584 done
495 2558 518 2583 a
535 2546 594 2584 toi
619 2546 633 2563 ²
649 2546 779 2595 prelat
796 2545 905 2584 force
930 2546 967 2583 &
986 2545 1100 2595 vigur
1127 2557 1151 2582 a
1177 2545 1312 2583 suffrir
1331 2546 1601 2595 persecution.
1621 2547 1704 2585 Ceo

369 2605 466 2653 qu’il
486 2605 566 2643 dist
586 2605 682 2655 qu’il
699 2618 722 2643 a
741 2606 830 2655 [les]
846 2605 943 2644 clefs
969 2605 1019 2644 de
1033 2614 1138 2644 mort
1157 2605 1194 2643 ἀ
1215 2605 1263 2643 de
1283 2604 1395 2643 enfer
1414 2604 1579 2655 signefie
1606 2605 1703 2655 qu’il

367 2663 405 2702 le
418 2664 431 2686 ³
445 2664 500 2703 fet
520 2664 552 2702 si
572 2665 687 2703 hardi
703 2664 798 2714 qu'il
814 2677 864 2703 ne
881 2673 993 2703 erent
1008 2676 1057 2703 ne
1074 2663 1217 2702 deable
1231 2676 1282 2702 ne
1302 2671 1435 2712 tyrant
1455 2673 1650 2703 encuntre
1664 2663 1702 2702 la

368 2723 528 2761 volente
544 2723 644 2762 Deu.
