1910 3158
533 251 865 301 t‘ApocAmsss
894 267 954 301 ΒΝ
985 268 1206 316 famens
1477 256 1529 304 81

252 377 401 417 cmc.
434 377 493 415 La
507 385 625 428 grant
644 377 733 415 voiz
758 377 824 415 del
845 377 922 416 ciel
949 379 1020 429 qui
1045 379 1126 419 dist
1152 392 1200 419 85
1224 389 1313 431 sept
1339 381 1500 432 angeles
1524 394 1534 420 z

203 443 226 474 ἰ
256 437 356 476 Alex
369 428 408 476 ἃ
425 437 438 456 ¹
457 437 656 486 espandez
684 437 744 474 les
763 445 825 475 set
849 437 1007 486 phioles
1026 438 1091 477 del
1110 439 1169 478 ire
1187 441 1275 478 Deu
1293 451 1345 479 en
1361 449 1469 480 terre
1488 442 1502 459 ²
1514 457 1534 477 υ

203 494 373 547 signefie
387 495 427 534 15
451 495 806 534 commandement
823 496 912 534 Deu
931 508 976 535 85
999 498 1161 547 angeles
1180 499 1230 536 de
1246 499 1421 549 prendre
1437 511 1536 539 ven-

200 555 355 597 chance
372 554 444 594 des
463 554 686 593 messesanz
699 554 777 594 'en
799 564 919 594 terre.
943 556 1023 594 Par
1035 556 1074 595 18
1093 558 1230 596 cruele
1247 558 1356 608 plnie
1373 571 1454 609 que
1474 568 1536 598 est

199 613 280 654 tete
297 625 343 654 ⁸⁸
362 613 545 652 hommes
564 613 635 663 qui
663 622 738 652 unt
763 614 802 653 le
825 626 934 653 mere
959 615 1012 653 de
1030 615 1071 654 18
1089 616 1203 656 beste
1228 625 1293 656 est
1310 617 1478 668 signefie
1495 620 1536 659 18

198 673 437 723 mutina
457 674 508 712 de
536 686 632 711 ceus
645 685 738 723 que,
756 686 832 724 pur
851 674 994 713 ramur
1012 675 1109 714 des‘
1128 679 1350 716 ten-tennes
1375 678 1533 728 choses,

198 740 294 771 sunt
319 731 558 771 inobedient
586 734 654 771 as⁵
678 733 1034 772 commendemenz
1049 735 1136 773 Deu
1160 736 1198 774 δι
1216 747 1259 774 55
1288 747 1487 787 prennent
1510 750 1535 777 8

195 792 415 840 Autem-ist,
451 793 489 831 δι
519 804 592 830 550
612 801 673 832 est
703 792 743 831 18
773 804 881 831 merc
906 793 957 831 de
976 793 1015 831 18
1037 793 1150 833 beste
1178 795 1215 833 ἃ
1242 807 1322 845 que
1353 806 1428 836 unt
1450 797 1534 848 pris

189 851 396 908 pssample
426 851 509 890 de‘
535 863 658 901 granz
685 852 869 890 hommes
907 852 956 890 de
981 864 1027 890 ce
1055 853 1247 902 ⁷munde,
1281 854 1318 892 Gt
1346 867 1420 894 ceo
1442 865 1504 895 est
1521 857 1536 878 ⁸

198 922 316 950 noret
342 923 366 949 8
396 913 460 950 οῑι·
483 911 498 933 ⁹
518 911 556 949 le
578 923 719 961 ymage
740 911 790 950 de
813 911 853 950 18
876 912 988 950 beste
1001 912 1041 950 ¹⁰.

243 1015 274 1039 1.
292 1005 322 1039 C
344 1011 445 1039 omet
459 1004 542 1049 alez
557 1005 602 1039 ἃ.
618 1022 660 1030 -
679 1014 712 1039 2.
731 1005 790 1040 BC
812 1011 993 1040 omettent
1013 1015 1057 1039 en
1081 1009 1191 1041 terre.
1209 1025 1250 1032 —
1270 1007 1303 1042 3.
1326 1008 1387 1043 BC
1404 1010 1534 1053 malfe-

196 1068 296 1103 smq.
319 1076 360 1083 —
376 1067 412 1101 4.
428 1058 456 1091 B
473 1068 549 1102 pur
559 1067 667 1092 amur
678 1058 736 1100 de,
757 1058 787 1093 C
798 1068 838 1102 p.
857 1058 916 1092 1’a.
930 1058 988 1092 de.
1003 1077 1044 1083 —
1060 1059 1092 1093 5.
1110 1059 1139 1093 C
1154 1069 1178 1093 a
1198 1060 1260 1095 les.
1276 1079 1319 1087 —
1332 1060 1368 1095 6.
1383 1062 1444 1096 BC
1457 1062 1532 1096 des.

196 1129 239 1138 ·-
254 1121 289 1157 7.
304 1110 334 1145 Β
349 1115 458 1152 ceste.
477 1110 507 1145 C
526 1110 602 1145 del.
623 1129 666 1137 -
678 1112 713 1146 8.
734 1111 763 1144 B
780 1117 880 1145 ornet
892 1115 959 1145 est.
975 1122 1058 1157 -9.
1071 1121 1096 1146 a
1113 1115 1172 1146 orr
1184 1122 1346 1157 manque
1365 1114 1457 1148 dans
1473 1114 1533 1149 BC

195 1170 232 1199 et
246 1170 304 1199 eet
314 1163 337 1199 δ
353 1163 578 1208 supprimet.
587 1181 628 1190 —·
640 1174 694 1198 ιο.
708 1164 769 1198 BC
786 1164 1003 1198 continuent
1011 1164 1048 1198 18
1058 1166 1160 1209 81055
1174 1165 1346 1211 jusqu‘au
1358 1174 1478 1202 verset
1491 1177 1527 1212 7.

246 1265 380 1318 (XVI,
421 1265 464 1320 3)
501 1265 568 1307 Et
620 1264 834 1306 secundus

193 1331 379 1387 angelus
429 1329 588 1388 effudit
633 1330 833 1385 phialam

191 1406 318 1438 sum
333 1394 380 1437 in
397 1407 535 1447 mare,
550 1401 595 1437 et
605 1395 757 1449 factus
768 1401 835 1437 est

190 1450 376 1516 εὼς-κίε
403 1464 622 1515 tamquam
648 1458 824 1510 mortui,

193 1531 239 1568 et
248 1524 389 1567 omnis
404 1524 552 1567 anima
561 1523 706 1567 vivens
718 1537 832 1566 mor-

194 1595 271 1639 tua
286 1595 353 1632 est
370 1589 415 1631 in
434 1587 565 1630 mari.

953 1265 1067 1319 (Ful.
1086 1266 1145 1308 31
1157 1279 1175 1318 ,·
1192 1267 1312 1316 XVI,
1338 1269 1379 1322 3)
1403 1269 1529 1310 Tur.

899 1330 957 1372 Et
992 1330 1024 1372 li
1063 1332 1227 1373 secund
1264 1332 1417 1387 angele
1463 1346 1531 1374 es-

898 1395 1032 1450 pandi
1052 1407 1099 1437 sa
1115 1395 1217 1437 6015
1238 1396 1350 1438 5818
1368 1409 1476 1446 mer,
1492 1399 1532 1439 &

897 1469 961 1502 est
978 1460 1062 1502 sete
1079 1460 1090 1477 ¹
1104 1473 1224 1510 5885,
1243 1461 1339 1503 ausi
1358 1475 1531 1504 comme

896 1523 951 1564 de
962 1523 1142 1567 homme
1152 1535 1308 1578 morte,
1316 1537 1357 1568 et
1368 1528 1532 1568 muert²

897 1601 1102 1644 quanque
1121 1600 1186 1632 est
1205 1603 1260 1632 en
1279 1590 1323 1632 18
1341 1603 1450 1633 mer.

241 1697 271 1721 ι.
291 1687 416 1722 111588
431 1687 577 1731 BCset.
597 1696 682 1721 —2.
700 1687 730 1722 C
750 1690 898 1722 morast.

242 1782 389 1820 Gnosz.
411 1781 496 1820 Ceo
517 1792 596 1830 que
615 1780 654 1818 18
678 1780 815 1830 phiole
836 1792 888 1819 au
907 1782 1060 1820 secund
1079 1781 1219 1832 angele
1239 1791 1301 1821 est
1323 1785 1529 1834 espandue

196 1852 249 1879 58
273 1840 312 1878 18
332 1851 417 1879 mer
434 1840 472 1878 ἃ
490 1839 570 1878 sete
590 1839 600 1857 ¹
633 1851 730 1878 5885
749 1838 916 1889 signefie
942 1851 1021 1889 que
1049 1839 1102 1878 cil
1131 1841 1197 1879 del
1218 1842 1367 1880 munde
1392 1853 1531 1881 serunt

195 1899 370 1950 dampne
387 1898 691 1949 quitrublerent
709 1898 768 1936 les
787 1898 898 1936 seinz
912 1899 949 1936 &
967 1898 1027 1937 155
1041 1900 1366 1950 turmenterent²,
1386 1902 1423 1940 ἂ
1442 1914 1531 1940 sera

196 1958 261 1997 lut
278 1957 396 2008 peine
417 1969 512 1995 sanz
532 1957 602 1994 fin.

240 2069 270 2093 ι.
288 2058 349 2093 BC
367 2068 388 2093 e
405 2057 544 2101 estset.
563 2075 604 2083 —
619 2066 652 2092 2.
680 2057 741 2092 BC
760 2057 799 2091 ki
821 2057 1023 2092 trublerunt
1043 2058 1067 2091 1.
1082 2068 1116 2092 ε.
1139 2067 1160 2092 e
1179 2062 1459 2098 mrmenterunt.

250 2158 383 2216 (XVI,
404 2158 446 2213 4)
467 2157 532 2200 Et
548 2157 705 2200 tertius
723 2157 836 2216 effu-

195 2224 468 2281 ditphialam
477 2236 600 2266 suam
609 2223 834 2280 superflu-

195 2290 315 2333 mina
334 2296 378 2332 et
393 2289 686 2346 superfontes
703 2300 835 2344 aqua·

197 2365 310 2408 rum,
331 2355 537 2410 etfactus
559 2360 625 2396 est
634 2352 831 2409 sang-uis.

198 2417 254 2473 (5)
308 2417 374 2460 Et
433 2417 583 2462 audivi
630 2418 835 2473 angelum

196 2493 423 2538 aquarum,
454 2482 667 2525 dicentem
693 2495 706 2523 :
735 2483 835 2525 Jus-

198 2552 268 2588 tus
293 2558 352 2598 es,
386 2547 572 2590 Domine
604 2547 680 2602 qui
711 2560 756 2589 es
792 2554 835 2590 et

197 2610 276 2667 qui
293 2623 395 2654 eras
414 2618 606 2664 sanctus,
626 2611 703 2668 qui
727 2612 834 2655 haec

189 2675 421 2732 judicasti,
448 2675 502 2732 (6)
523 2676 628 2732 quia
653 2677 832 2732 sangui·

956 2157 1090 2212 (XVI,
1106 2158 1294 2213 4).T1xr.
1311 2159 1368 2202 Et
1381 2159 1412 2204 li
1427 2160 1532 2203 tierz

901 2222 1053 2278 angele
1065 2222 1246 2278 espandi
1259 2237 1306 2266 58
1315 2223 1416 2267 6015
1432 2239 1508 2268 sur
1520 2225 1531 2244 ¹

901 2286 964 2329 les
998 2287 1158 2329 flueves
1189 2289 1229 2329 &
1249 2302 1323 2331 sur
1350 2288 1414 2331 les
1436 2290 1533 2332 fun-

900 2351 1085 2402 teinnes‚
1095 2353 1134 2393 8(
1144 2350 1534 2396 eus'deviennent⁸

900 2430 1017 2460 5885.
1035 2418 1094 2473 (5)
1117 2416 1172 2459 Et
1203 2430 1256 2472 ge
1283 2423 1327 2459 οἱ
1351 2416 1534 2474 l'angele

899 2482 975 2524 des
1009 2494 1107 2523 eves
1144 2481 1220 2536 qui
1258 2481 1344 2523 dist
1389 2494 1400 2523 ι
1441 2481 1536 2525 Sire

900 2547 1035 2595 Deus,
1055 2546 1305 2588 droitureus
1324 2556 1435 2604 estes
1458 2546 1535 2604 qui

897 2622 975 2653 ceo
1004 2610 1017 2633 ⁰
1049 2622 1151 2653 avez
1182 2609 1362 2667 jugem)
1394 2625 1480 2667 que
1511 2625 1536 2653 8

897 2689 999 2719 5585
1029 2673 1106 2730 qui
1144 2673 1224 2718 unt
1254 2672 1295 2717 le
1326 2670 1430 2718 5885
1460 2676 1535 2718 des

1375 2758 1394 2788 6
