1910 3158
489 227 820 276 L'APOCALYPSB
849 242 907 275 nn
938 241 1160 288 pauens
1440 236 1490 282 13

160 354 348 409 claudit,
383 354 555 397 claudit
590 360 634 395 et
670 366 793 396 nemo

159 421 331 477 apem.
324 432 338 445 ·
350 419 412 475 (8)
432 418 535 462 Scio
553 431 686 474 opera
702 425 791 462 tua.

159 485 279 547 Eece
323 483 427 527 dedi
454 497 603 526 coram
651 490 692 526 te
727 496 794 526 os-

160 542 270 605 tinne
288 554 486 605 apertum
516 547 632 604 quod
669 560 793 589 nemo

151 615 298 673 potest
319 614 544 666 claudere,
575 613 679 669 quia
708 626 793 655 mo-

157 679 303 728 dim
341 679 471 722 habes
494 680 711 731 virtutem,
752 686 795 721 et

155 743 344 786 servasti
373 742 551 786 verbum
573 755 730 794 meum,
751 747 797 783 et

158 822 247 853 non
261 808 437 865 negasti
457 820 610 850 nomen
635 819 790 849 meum.

158 874 217 930 (9)
235 874 354 917 Ecce
365 873 478 916 dabo
491 872 546 915 de
555 883 792 928 synagoga

159 941 368 991 Satanae,
388 938 465 994 qui
483 938 638 981 dicunt
653 949 700 979 se
716 937 792 979 Ju-

158 1005 301 1047 daeos·
327 1016 433 1055 esse,
476 1009 520 1045 et
552 1015 638 1044 non
675 1008 788 1054 sunt,

160 1070 241 1113 sed
273 1069 569 1121 mentiuntur;
599 1079 696 1109 ecce
712 1068 794 1120 fa·

160 1134 276 1178 ct‘atn
315 1133 418 1177 illos
463 1139 512 1176 ut
546 1132 722 1175 veniant
753 1138 797 1173 et

157 1200 344 1243 adorent
372 1205 474 1241 ante
501 1197 636 1254 pedes
664 1203 760 1238 tuos
774 1211 792 1248 ;

157 1271 202 1309 et
225 1264 367 1308 scient
397 1263 502 1320 quia
536 1275 618 1318 ego
650 1260 792 1303 dilexi

157 1337 214 1375 te.-
242 1329 327 1384 (ιο)
361 1326 580 1382 Quoniam
603 1326 791 1370 servasti

155 1393 331 1444 verbum
336 1393 578 1448 patientiae
593 1404 727 1442 meae,
748 1398 793 1434 et

155 1473 239 1517 ego
279 1459 463 1502 servabo
501 1465 542 1500 te
581 1458 637 1500 ab
679 1459 789 1499 hora

155 1524 408 1568 tentationis
458 1536 557 1578 quoe
608 1529 790 1564 ventura

154 1595 221 1633 est
263 1588 307 1631 in
350 1588 498 1631 orbem
542 1587 790 1629 universum

154 1646 323 1697 tentare
332 1652 578 1695 habitantes
589 1651 633 1694 in
648 1658 788 1694 terra.

155 1720 190 1774 (ι
205 1719 239 1774 ι)
258 1718 377 1761 Ecce
395 1717 519 1760 venio
540 1716 645 1759 cito.
672 1717 790 1759 Tene

153 1783 270 1840 quod
288 1783 432 1834 habes,
459 1789 508 1824 ut
531 1794 655 1824 nemo
673 1781 791 1822 acci·

148 1848 250 1904 piat
280 1859 488 1896 coronam
533 1853 665 1888 tuam.
706 1846 789 1901 (η)

158 1913 249 1965 Qui
262 1907 440 1964 m'ceri't,
463 1910 636 1966 faciam
667 1910 791 1958 illum

154 1979 400 2021 columnam
438 1975 483 2018 in
517 1976 675 2030 templo
705 1974 792 2017 Dei

154 2042 254 2095 nui,
267 2049 318 2084 et
328 2042 469 2097 foras
486 2053 572 2082 non
594 2039 793 2095 egredie-

154 2114 229 2151 tur
263 2108 486 2161 amplius,·
527 2111 571 2147 et
600 2103 792 2147 scribam

150 2184 284 2227 super
304 2184 402 2214 eum
420 2181 573 2213 nomen
602 2168 690 2211 Dei
705 2167 794 2210 mei

154 2243 197 2281 et
249 2248 404 2279 nomen
454 2233 646 2278 civitatis
705 2232 792 2276 Dei

152 2300 238 2344 mei
254 2313 390 2344 novae
406 2301 668 2351 Jerusalem,
679 2311 791 2354 quae

153 2366 378 2411 descendit
399 2365 454 2408 de
486 2366 608 2408 caelo
644 2377 673 2406 a
695 2365 789 2408 Deo

154 2444 265 2484 nuo,
294 2437 339 2474 et
364 2443 517 2472 nomen
547 2442 686 2471 meum
712 2442 791 2471 no-

156 2508 267 2545 vum.
283 2494 369 2550 (13)
391 2494 478 2547 Qui
496 2494 624 2536 habet
639 2506 792 2536 aurem

155 2559 310 2602 audiat
325 2558 433 2614 quid
461 2558 656 2613 Spiritus
674 2557 794 2599 dicat

157 2625 366 2670 ecclesiis.

866 354 906 395 ἅ
926 354 1005 396 nul
1030 353 1117 409 [ne]
1140 367 1258 397 ovre.
1281 357 1337 411 (8)
1355 356 1406 399 Je
1431 358 1494 400 sai

864 430 947 460 voz
966 431 1116 461 eovres
1135 421 1176 462 &
1202 433 1282 462 vos
1306 420 1348 463 ai
1379 423 1495 465 done

865 482 905 525 le
925 496 978 525 us
1006 495 1127 527 overt
1146 485 1197 527 ke
1219 485 1298 528 nul
1317 499 1371 528 ne
1389 498 1496 543 peut

865 548 997 602 clore,
1012 562 1096 604 pur
1111 562 1188 591 ceo
1202 563 1287 606 que
1300 564 1380 593 vos
1392 565 1494 594 avez

864 626 925 655 un
956 612 1031 669 poi
1063 615 1116 656 de
1146 626 1287 665 vertu,
1320 617 1361 659 &
1392 628 1495 661 avez

863 691 937 721 ma
964 679 1113 734 parole
1144 681 1184 723 81
1210 694 1264 722 ne
1296 694 1399 724 avez
1417 695 1495 738 pas

863 743 1008 785 reniee
1043 757 1114 787 ma
1138 745 1211 786 fei.
1246 745 1300 800 (9)
1330 746 1380 788 Je
1412 759 1494 789 vos

863 809 1054 864 do[n]rai
1079 810 1150 852 del
1176 810 1384 870 sinagoge
1414 812 1495 854 Sa-

863 872 1034 926 thanas,
1047 873 1124 928 qui
1138 874 1259 916 diem
1271 875 1378 930 qu’il
1393 886 1495 918 sunt

862 937 884 979 J
890 938 968 987 u1f‚
989 939 1030 980 &
1049 951 1104 980 ne
1121 949 1224 981 sunt
1244 939 1345 991 mie,
1367 950 1410 982 et
1431 939 1494 982 les

863 1001 943 1044 frai
967 1003 1092 1045 venir
1123 1005 1163 1046 &
1193 1016 1319 1046 aorer
1337 1005 1495 1048 devant

860 1079 943 1109 voz
962 1067 1079 1122 piez;
1100 1069 1141 1111 &
1159 1068 1191 1110 il
1208 1080 1387 1112 savrunt
1406 1083 1493 1126 que

863 1145 942 1174 vos
966 1131 1134 1175 nume.
1154 1133 1237 1188 (xo)
1255 1135 1295 1176 ἅ
1314 1147 1398 1190 pur
1415 1147 1493 1177 ceo

862 1211 947 1252 que
960 1210 1039 1240 vos
1051 1211 1153 1240 avez
1167 1199 1296 1254 garde
1310 1198 1351 1240 le
1365 1212 1492 1242 com-

862 1263 1142 1305 mendement
1184 1263 1237 1306 de
1272 1264 1492 1320 pacience,

860 1326 929 1382 jeo
943 1341 1022 1370 vos
1035 1328 1231 1383 garderai
1242 1329 1295 1371 de
1303 1329 1346 1371 la
1358 1340 1495 1384 temp-

861 1392 1001 1435 tatiun
1030 1406 1116 1448 que
1134 1394 1298 1436 vendra
1317 1407 1371 1436 en
1392 1394 1494 1436 uni-

861 1470 981 1499 verse
1002 1460 1165 1500 munde
1190 1458 1204 1476 ¹
1225 1469 1410 1514 temptet
1429 1459 1492 1501 les

860 1521 1064 1564 habitanz
1116 1535 1172 1564 en
1219 1533 1349 1565 terre.
1403 1524 1491 1578 (11)

858 1586 943 1629 Va!
963 1588 1003 1629 ἃ
1016 1599 1067 1642 ge
1081 1587 1185 1641 ving
1199 1597 1286 1629 tost
1299 1587 1328 1629 ⁸.
1344 1587 1492 1630 Tenez

859 1664 938 1693 ceo
974 1652 1026 1693 ke
1060 1664 1138 1694 vos
1176 1664 1294 1705 avez,
1330 1652 1383 1694 ke
1413 1651 1491 1694 nul

859 1726 980 1757 autre
1001 1728 1054 1757 ne
1074 1728 1234 1771 prenge
1250 1726 1394 1758 vostre
1415 1729 1492 1758 co-

862 1793 1016 1823 ronne.
1057 1780 1140 1835 (12)
1186 1781 1242 1824 Et
1283 1780 1396 1823 celui
1448 1780 1491 1823 ki

862 1844 1030 1887 veintra
1049 1845 1152 1888 ferai
1170 1858 1223 1900 ge
1240 1845 1343 1900 (sol.
1374 1846 1405 1888 5
1434 1846 1489 1899 νο)

860 1909 1096 1965 columpne
1113 1909 1181 1953 ⁸1⁴
1204 1909 1364 1965 temple
1384 1922 1490 1952 mun

863 1974 975 2027 Deu,
1006 1975 1046 2017 ἃ
1076 1974 1108 2016 il
1137 1986 1191 2016 ne
1216 1974 1230 1996 ⁵
1265 1974 1369 2017 istra
1398 1975 1491 2020 mes

863 2038 994 2090 hors;
1015 2040 1056 2082 ἃ
1083 2038 1312 2081 escriverai
1332 2052 1408 2081 sur
1426 2038 1490 2081 lui

860 2103 901 2145 le
928 2116 1022 2146 nun
1047 2104 1100 2146 de
1129 2116 1237 2146 mun
1260 2104 1357 2146 Deu
1382 2105 1424 2145 &
1452 2103 1492 2145 le

862 2181 955 2211 nun
969 2169 1022 2211 de
1037 2168 1079 2210 la
1098 2168 1180 2210 cite
1198 2167 1351 2211 novele
1369 2167 1391 2210 J
1397 2180 1493 2211 eru-

861 2234 996 2277 salem
1009 2232 1085 2288 qui
1099 2231 1302 2275 descendi
1313 2231 1490 2285 delciel,

861 2301 902 2343 ἃ
912 2311 1020 2342 mun
1032 2310 1201 2340 noveau
1213 2310 1321 2339 nun.
1334 2297 1367 2351 (ι
1380 2297 1420 2352 3)
1432 2297 1489 2340 Ki

860 2377 886 2406 a
903 2363 1077 2405 oreilles
1105 2375 1130 2405 a
1154 2368 1221 2405 011·
1240 2361 1311 2404 oie
1340 2374 1419 2404 ceo
1438 2362 1491 2409 ke

861 2427 1059 2484 l'Espirit
1078 2427 1143 2469 dit
1159 2439 1206 2469 as
1234 2426 1389 2482 eglises
1406 2426 1435 2471 ⁸.
