<?xml version="1.0" encoding="UTF-8"?>
<!DOCTYPE html PUBLIC "-//W3C//DTD XHTML 1.0 Transitional//EN"
    "http://www.w3.org/TR/xhtml1/DTD/xhtml1-transitional.dtd">
<html xmlns="http://www.w3.org/1999/xhtml" xml:lang="en" lang="en">
 <head>
  <title>
</title>
<meta http-equiv="Content-Type" content="text/html;charset=utf-8" />
  <meta name='ocr-system' content='tesseract 3.04.00' />
  <meta name='ocr-capabilities' content='ocr_page ocr_carea ocr_par ocr_line ocrx_word'/>
</head>
<body>
  <div class='ocr_page' id='page_1' title='image "./lapocalypseenfra00deliuoft_0390.png"; bbox 0 0 1910 3158; ppageno 0'>
   <div class='ocr_carea' id='block_1_1' title="bbox 436 275 500 326">
    <p class='ocr_par' dir='ltr' id='par_1_1' title="bbox 436 275 500 326">
     <span class='ocr_line' id='line_1_1' title="bbox 436 275 500 326; baseline -0.016 0"><span class='ocrx_word' id='word_1_1' title='bbox 436 275 500 326; x_wconf 77' lang='lat'><strong><em>68</em></strong></span> 
     </span>
    </p>
   </div>
   <div class='ocr_carea' id='block_1_2' title="bbox 422 400 1077 964">
    <p class='ocr_par' dir='ltr' id='par_1_2' title="bbox 422 400 1077 964">
     <span class='ocr_line' id='line_1_2' title="bbox 437 400 1074 458; baseline -0.005 -13"><span class='ocrx_word' id='word_1_2' title='bbox 437 402 557 445; x_wconf 84' lang='lat' dir='ltr'><strong><em>ciant</em></strong></span> <span class='ocrx_word' id='word_1_3' title='bbox 617 400 851 458; x_wconf 75' lang='lat' dir='ltr'><strong><em>imaginem</em></strong></span> <span class='ocrx_word' id='word_1_4' title='bbox 913 400 1074 444; x_wconf 81' lang='lat' dir='ltr'><strong><em>bestiae</em></strong></span> 
     </span>
     <span class='ocr_line' id='line_1_3' title="bbox 434 465 1069 524; baseline -0.003 -14"><span class='ocrx_word' id='word_1_5' title='bbox 434 481 545 524; x_wconf 81' lang='lat' dir='ltr'><strong><em>quae</em></strong></span> <span class='ocrx_word' id='word_1_6' title='bbox 571 466 701 509; x_wconf 83' lang='lat' dir='ltr'><strong><em>habet</em></strong></span> <span class='ocrx_word' id='word_1_7' title='bbox 709 467 893 522; x_wconf 78' lang='lat' dir='ltr'><strong><em>plagam</em></strong></span> <span class='ocrx_word' id='word_1_8' title='bbox 910 465 1069 522; x_wconf 78' lang='lat' dir='ltr'><strong><em>gladii,</em></strong></span> 
     </span>
     <span class='ocr_line' id='line_1_4' title="bbox 435 525 1077 586; baseline -0.003 -11"><span class='ocrx_word' id='word_1_9' title='bbox 435 540 478 575; x_wconf 87' lang='lat' dir='ltr'><strong><em>et</em></strong></span> <span class='ocrx_word' id='word_1_10' title='bbox 498 525 624 574; x_wconf 50' lang='lat' dir='ltr'><strong><em>vixit.</em></strong></span> <span class='ocrx_word' id='word_1_11' title='bbox 647 533 681 585; x_wconf 81' lang='grc' dir='ltr'><strong><em>(ι</em></strong></span> <span class='ocrx_word' id='word_1_12' title='bbox 694 533 733 586; x_wconf 92' lang='grc'><strong><em>5)</em></strong></span> <span class='ocrx_word' id='word_1_13' title='bbox 761 531 826 574; x_wconf 83' lang='lat' dir='ltr'><strong><em>Et</em></strong></span> <span class='ocrx_word' id='word_1_14' title='bbox 841 531 991 574; x_wconf 83' lang='lat' dir='ltr'><strong><em>datum</em></strong></span> <span class='ocrx_word' id='word_1_15' title='bbox 1010 537 1077 574; x_wconf 82' lang='lat' dir='ltr'><strong><em>est</em></strong></span> 
     </span>
     <span class='ocr_line' id='line_1_5' title="bbox 435 596 1074 654; baseline -0.002 -15"><span class='ocrx_word' id='word_1_16' title='bbox 435 597 506 639; x_wconf 83' lang='lat' dir='ltr'><strong><em>ini</em></strong></span> <span class='ocrx_word' id='word_1_17' title='bbox 533 604 582 639; x_wconf 83' lang='lat' dir='ltr'><strong><em>ut</em></strong></span> <span class='ocrx_word' id='word_1_18' title='bbox 598 597 728 639; x_wconf 84' lang='lat' dir='ltr'><strong><em>daret</em></strong></span> <span class='ocrx_word' id='word_1_19' title='bbox 743 596 948 654; x_wconf 79' lang='lat' dir='ltr'><strong><em>spiritum</em></strong></span> <span class='ocrx_word' id='word_1_20' title='bbox 969 597 1074 638; x_wconf 88' lang='lat' dir='ltr'><strong><em>ima-</em></strong></span> 
     </span>
     <span class='ocr_line' id='line_1_6' title="bbox 432 661 1073 719; baseline -0.003 -16"><span class='ocrx_word' id='word_1_21' title='bbox 432 662 530 718; x_wconf 85' lang='lat' dir='ltr'><strong><em>gini</em></strong></span> <span class='ocrx_word' id='word_1_22' title='bbox 549 661 725 719; x_wconf 61' lang='grc' dir='ltr'><strong><em>ῥεετίαε,</em></strong></span> <span class='ocrx_word' id='word_1_23' title='bbox 747 667 848 703; x_wconf 80' lang='lat' dir='ltr'><strong><em>etut</em></strong></span> <span class='ocrx_word' id='word_1_24' title='bbox 866 661 1073 717; x_wconf 83' lang='lat' dir='ltr'><strong><em>loquatur</em></strong></span> 
     </span>
     <span class='ocr_line' id='line_1_7' title="bbox 422 725 1075 782; baseline -0.003 -14"><span class='ocrx_word' id='word_1_25' title='bbox 422 725 581 782; x_wconf 84' lang='lat' dir='ltr'><strong><em>&#39;imago</em></strong></span> <span class='ocrx_word' id='word_1_26' title='bbox 611 726 772 768; x_wconf 81' lang='lat' dir='ltr'><strong><em>bestiae</em></strong></span> <span class='ocrx_word' id='word_1_27' title='bbox 800 725 1000 780; x_wconf 84' lang='lat' dir='ltr'><strong><em>etfaciat</em></strong></span> <span class='ocrx_word' id='word_1_28' title='bbox 1026 731 1075 766; x_wconf 85' lang='lat' dir='ltr'><strong><em>ut</em></strong></span> 
     </span>
     <span class='ocr_line' id='line_1_8' title="bbox 432 790 1072 847; baseline -0.005 -13"><span class='ocrx_word' id='word_1_29' title='bbox 432 791 689 847; x_wconf 82' lang='lat' dir='ltr'><strong><em>quicumque</em></strong></span> <span class='ocrx_word' id='word_1_30' title='bbox 726 804 811 833; x_wconf 88' lang='lat' dir='ltr'><strong><em>non</em></strong></span> <span class='ocrx_word' id='word_1_31' title='bbox 863 790 1072 832; x_wconf 80' lang='lat' dir='ltr'><strong><em>adorave-</em></strong></span> 
     </span>
     <span class='ocr_line' id='line_1_9' title="bbox 433 855 1070 912; baseline -0.002 -15"><span class='ocrx_word' id='word_1_32' title='bbox 433 857 526 899; x_wconf 83' lang='lat' dir='ltr'><strong><em>rint</em></strong></span> <span class='ocrx_word' id='word_1_33' title='bbox 539 856 774 912; x_wconf 80' lang='lat' dir='ltr'><strong><em>imaginem</em></strong></span> <span class='ocrx_word' id='word_1_34' title='bbox 788 855 948 898; x_wconf 81' lang='lat' dir='ltr'><strong><em>bestiae</em></strong></span> <span class='ocrx_word' id='word_1_35' title='bbox 961 855 1070 897; x_wconf 88' lang='lat' dir='ltr'><strong><em>occi-</em></strong></span> 
     </span>
     <span class='ocr_line' id='line_1_10' title="bbox 430 922 613 964; baseline -0.005 0"><span class='ocrx_word' id='word_1_36' title='bbox 430 922 613 964; x_wconf 83' lang='lat' dir='ltr'><strong><em>dantur.</em></strong></span> 
     </span>
    </p>
   </div>
   <div class='ocr_carea' id='block_1_3' title="bbox 773 276 1449 336">
    <p class='ocr_par' dir='ltr' id='par_1_3' title="bbox 773 276 1449 336">
     <span class='ocr_line' id='line_1_11' title="bbox 773 276 1449 336; baseline 0 -13"><span class='ocrx_word' id='word_1_37' title='bbox 773 276 1107 323; x_wconf 70' lang='lat' dir='ltr'><strong><em>L’APOCALYPSE</em></strong></span> <span class='ocrx_word' id='word_1_38' title='bbox 1136 287 1195 323; x_wconf 71' lang='lat' dir='ltr'><strong><em>xm</em></strong></span> <span class='ocrx_word' id='word_1_39' title='bbox 1225 285 1449 336; x_wconf 57' lang='lat' dir='ltr'><strong><em>rancus</em></strong></span> 
     </span>
    </p>
   </div>
   <div class='ocr_carea' id='block_1_4' title="bbox 1142 394 1779 963">
    <p class='ocr_par' dir='ltr' id='par_1_4' title="bbox 1142 394 1779 963">
     <span class='ocr_line' id='line_1_12' title="bbox 1147 394 1778 457; baseline -0.002 -15"><span class='ocrx_word' id='word_1_40' title='bbox 1147 398 1342 442; x_wconf 83' lang='lat' dir='ltr'><strong><em>habitent</em></strong></span> <span class='ocrx_word' id='word_1_41' title='bbox 1357 412 1410 442; x_wconf 86' lang='lat' dir='ltr'><strong><em>en</em></strong></span> <span class='ocrx_word' id='word_1_42' title='bbox 1430 410 1540 442; x_wconf 86' lang='lat' dir='ltr'><strong><em>terre</em></strong></span> <span class='ocrx_word' id='word_1_43' title='bbox 1561 397 1668 457; x_wconf 87' lang='lat' dir='ltr'><strong><em>qu&#39;il</em></strong></span> <span class='ocrx_word' id='word_1_44' title='bbox 1681 394 1778 442; x_wconf 72' lang='lat' dir='ltr'><strong><em>feis-</em></strong></span> 
     </span>
     <span class='ocr_line' id='line_1_13' title="bbox 1146 463 1779 521; baseline 0 -15"><span class='ocrx_word' id='word_1_45' title='bbox 1146 475 1242 507; x_wconf 89' lang='lat' dir='ltr'><strong><em>sent</em></strong></span> <span class='ocrx_word' id='word_1_46' title='bbox 1286 478 1373 508; x_wconf 88' lang='lat' dir='ltr'><strong><em>une</em></strong></span> <span class='ocrx_word' id='word_1_47' title='bbox 1418 476 1574 521; x_wconf 79' lang='lat' dir='ltr'><strong><em>ymage</em></strong></span> <span class='ocrx_word' id='word_1_48' title='bbox 1620 477 1645 507; x_wconf 80' lang='lat' dir='ltr'>a</span> <span class='ocrx_word' id='word_1_49' title='bbox 1686 463 1702 482; x_wconf 73' lang='lat'><strong>³</strong></span> <span class='ocrx_word' id='word_1_50' title='bbox 1735 463 1779 506; x_wconf 77' lang='lat' dir='ltr'><strong><em>la</em></strong></span> 
     </span>
     <span class='ocr_line' id='line_1_14' title="bbox 1146 528 1777 588; baseline -0.003 -16"><span class='ocrx_word' id='word_1_51' title='bbox 1146 530 1264 573; x_wconf 88' lang='lat' dir='ltr'><strong><em>beste</em></strong></span> <span class='ocrx_word' id='word_1_52' title='bbox 1296 529 1404 588; x_wconf 86' lang='lat' dir='ltr'><strong><em>[qui]</em></strong></span> <span class='ocrx_word' id='word_1_53' title='bbox 1445 543 1470 573; x_wconf 86' lang='lat' dir='ltr'><strong>a</strong></span> <span class='ocrx_word' id='word_1_54' title='bbox 1500 530 1543 572; x_wconf 80' lang='lat' dir='ltr'><strong><em>la</em></strong></span> <span class='ocrx_word' id='word_1_55' title='bbox 1576 529 1671 585; x_wconf 79' lang='lat' dir='ltr'><strong><em>plae</em></strong></span> <span class='ocrx_word' id='word_1_56' title='bbox 1706 528 1777 571; x_wconf 91' lang='lat' dir='ltr'><strong><em>del</em></strong></span> 
     </span>
     <span class='ocr_line' id='line_1_15' title="bbox 1144 592 1778 651; baseline -0.002 -14"><span class='ocrx_word' id='word_1_57' title='bbox 1144 599 1271 651; x_wconf 76' lang='lat' dir='ltr'><strong><em>espee</em></strong></span> <span class='ocrx_word' id='word_1_58' title='bbox 1303 597 1342 638; x_wconf 87' lang='lat'>&amp;</span> <span class='ocrx_word' id='word_1_59' title='bbox 1369 595 1458 646; x_wconf 84' lang='lat' dir='ltr'><strong><em>vit;</em></strong></span> <span class='ocrx_word' id='word_1_60' title='bbox 1485 595 1572 650; x_wconf 84' lang='lat'>(15)</span> <span class='ocrx_word' id='word_1_61' title='bbox 1595 592 1688 637; x_wconf 84' lang='lat' dir='ltr'><strong><em>&amp;il</em></strong></span> <span class='ocrx_word' id='word_1_62' title='bbox 1708 593 1778 636; x_wconf 66' lang='grc' dir='ltr'><strong><em>εἰ*</em></strong></span> 
     </span>
     <span class='ocr_line' id='line_1_16' title="bbox 1144 657 1777 715; baseline -0.002 -14"><span class='ocrx_word' id='word_1_63' title='bbox 1144 659 1285 709; x_wconf 71' lang='lat' dir='ltr'><strong><em>suem,</em></strong></span> <span class='ocrx_word' id='word_1_64' title='bbox 1308 660 1348 701; x_wconf 89' lang='lat'>&amp;</span> <span class='ocrx_word' id='word_1_65' title='bbox 1373 660 1413 701; x_wconf 72' lang='lat' dir='ltr'><strong><em>a!</em></strong></span> <span class='ocrx_word' id='word_1_66' title='bbox 1439 660 1452 682; x_wconf 89' lang='lat'><strong>⁴</strong></span> <span class='ocrx_word' id='word_1_67' title='bbox 1476 672 1632 715; x_wconf 79' lang='lat' dir='ltr'><strong><em>ymage</em></strong></span> <span class='ocrx_word' id='word_1_68' title='bbox 1655 659 1708 700; x_wconf 87' lang='lat' dir='ltr'><strong><em>de</em></strong></span> <span class='ocrx_word' id='word_1_69' title='bbox 1734 657 1777 700; x_wconf 83' lang='lat' dir='ltr'><strong><em>la</em></strong></span> 
     </span>
     <span class='ocr_line' id='line_1_17' title="bbox 1145 722 1774 779; baseline -0.003 -13"><span class='ocrx_word' id='word_1_70' title='bbox 1145 726 1262 766; x_wconf 87' lang='lat' dir='ltr'><strong><em>beste</em></strong></span> <span class='ocrx_word' id='word_1_71' title='bbox 1281 725 1430 767; x_wconf 83' lang='lat' dir='ltr'><strong><em>donna</em></strong></span> <span class='ocrx_word' id='word_1_72' title='bbox 1457 724 1487 766; x_wconf 88' lang='lat' dir='ltr'><strong><em>il</em></strong></span> <span class='ocrx_word' id='word_1_73' title='bbox 1520 725 1534 746; x_wconf 76' lang='lat'>⁵</span> <span class='ocrx_word' id='word_1_74' title='bbox 1561 722 1715 779; x_wconf 80' lang='lat' dir='ltr'><strong><em>espirit</em></strong></span> <span class='ocrx_word' id='word_1_75' title='bbox 1734 723 1774 764; x_wconf 74' lang='grc' dir='ltr'><strong><em>δι</em></strong></span> 
     </span>
     <span class='ocr_line' id='line_1_18' title="bbox 1142 787 1777 845; baseline -0.003 -13"><span class='ocrx_word' id='word_1_76' title='bbox 1142 790 1183 832; x_wconf 92' lang='lat' dir='ltr'><strong><em>le</em></strong></span> <span class='ocrx_word' id='word_1_77' title='bbox 1213 790 1282 831; x_wconf 89' lang='lat' dir='ltr'><strong><em>fist</em></strong></span> <span class='ocrx_word' id='word_1_78' title='bbox 1310 790 1465 845; x_wconf 85' lang='lat' dir='ltr'><strong><em>parler,</em></strong></span> <span class='ocrx_word' id='word_1_79' title='bbox 1497 800 1538 832; x_wconf 85' lang='lat' dir='ltr'><strong><em>et</em></strong></span> <span class='ocrx_word' id='word_1_80' title='bbox 1575 802 1660 845; x_wconf 89' lang='lat' dir='ltr'><strong><em>que</em></strong></span> <span class='ocrx_word' id='word_1_81' title='bbox 1693 787 1777 830; x_wconf 87' lang='lat' dir='ltr'><strong><em>tuit</em></strong></span> 
     </span>
     <span class='ocr_line' id='line_1_19' title="bbox 1144 853 1777 910; baseline -0.002 -14"><span class='ocrx_word' id='word_1_82' title='bbox 1144 854 1199 896; x_wconf 89' lang='lat' dir='ltr'><strong><em>cil</em></strong></span> <span class='ocrx_word' id='word_1_83' title='bbox 1221 854 1297 910; x_wconf 88' lang='lat' dir='ltr'><strong><em>qui</em></strong></span> <span class='ocrx_word' id='word_1_84' title='bbox 1321 868 1375 896; x_wconf 89' lang='lat' dir='ltr'><strong><em>ne</em></strong></span> <span class='ocrx_word' id='word_1_85' title='bbox 1407 865 1559 896; x_wconf 83' lang='lat' dir='ltr'><strong><em>aorem</em></strong></span> <span class='ocrx_word' id='word_1_86' title='bbox 1587 853 1630 897; x_wconf 80' lang='lat' dir='ltr'><strong><em>la</em></strong></span> <span class='ocrx_word' id='word_1_87' title='bbox 1658 855 1777 896; x_wconf 88' lang='lat' dir='ltr'><strong><em>beste</em></strong></span> 
     </span>
     <span class='ocr_line' id='line_1_20' title="bbox 1142 921 1400 963; baseline -0.004 -1"><span class='ocrx_word' id='word_1_88' title='bbox 1142 931 1266 962; x_wconf 86' lang='lat' dir='ltr'><strong><em>saent</em></strong></span> <span class='ocrx_word' id='word_1_89' title='bbox 1288 921 1400 963; x_wconf 88' lang='lat' dir='ltr'><strong><em>ocis.</em></strong></span> 
     </span>
    </p>
   </div>
   <div class='ocr_carea' id='block_1_5' title="bbox 478 1074 1774 1119">
    <p class='ocr_par' dir='ltr' id='par_1_5' title="bbox 478 1074 1774 1119">
     <span class='ocr_line' id='line_1_21' title="bbox 478 1074 1774 1119; baseline -0.002 -8"><span class='ocrx_word' id='word_1_90' title='bbox 478 1089 511 1112; x_wconf 93' lang='lat'><strong><em>1.</em></strong></span> <span class='ocrx_word' id='word_1_91' title='bbox 535 1077 596 1113; x_wconf 89' lang='lat' dir='ltr'><strong><em>BC</em></strong></span> <span class='ocrx_word' id='word_1_92' title='bbox 615 1075 699 1111; x_wconf 76' lang='lat' dir='ltr'><strong><em>dist.</em></strong></span> <span class='ocrx_word' id='word_1_93' title='bbox 725 1093 767 1104; x_wconf 90' lang='lat'>—</span> <span class='ocrx_word' id='word_1_94' title='bbox 793 1086 828 1111; x_wconf 80' lang='lat'><strong><em>2.</em></strong></span> <span class='ocrx_word' id='word_1_95' title='bbox 854 1076 915 1111; x_wconf 87' lang='lat' dir='ltr'><strong><em>BC</em></strong></span> <span class='ocrx_word' id='word_1_96' title='bbox 943 1074 1001 1111; x_wconf 81' lang='lat' dir='ltr'><strong><em>de.</em></strong></span> <span class='ocrx_word' id='word_1_97' title='bbox 1033 1093 1074 1102; x_wconf 96' lang='lat'>—</span> <span class='ocrx_word' id='word_1_98' title='bbox 1103 1074 1138 1110; x_wconf 87' lang='grc'><strong><em>3.</em></strong></span> <span class='ocrx_word' id='word_1_99' title='bbox 1163 1074 1289 1110; x_wconf 78' lang='lat' dir='ltr'><strong><em>Cissi.</em></strong></span> <span class='ocrx_word' id='word_1_100' title='bbox 1319 1085 1420 1118; x_wconf 89' lang='lat'><strong>——4.</strong></span> <span class='ocrx_word' id='word_1_101' title='bbox 1440 1074 1592 1119; x_wconf 79' lang='lat' dir='ltr'><strong><em>Bata,</em></strong></span> <span class='ocrx_word' id='word_1_102' title='bbox 1613 1075 1643 1110; x_wconf 92' lang='lat' dir='ltr'>C</span> <span class='ocrx_word' id='word_1_103' title='bbox 1663 1075 1713 1110; x_wconf 73' lang='lat' dir='ltr'><strong><em>la,</em></strong></span> <span class='ocrx_word' id='word_1_104' title='bbox 1734 1093 1774 1101; x_wconf 90' lang='lat'><strong>—</strong></span> 
     </span>
    </p>
   </div>
   <div class='ocr_carea' id='block_1_6' title="bbox 433 1131 700 1166">
    <p class='ocr_par' dir='ltr' id='par_1_6' title="bbox 433 1131 700 1166">
     <span class='ocr_line' id='line_1_22' title="bbox 433 1131 700 1166; baseline -0.007 0"><span class='ocrx_word' id='word_1_105' title='bbox 433 1131 465 1166; x_wconf 88' lang='grc'><strong><em>5.</em></strong></span> <span class='ocrx_word' id='word_1_106' title='bbox 489 1132 519 1166; x_wconf 92' lang='lat' dir='ltr'>C</span> <span class='ocrx_word' id='word_1_107' title='bbox 540 1138 642 1166; x_wconf 84' lang='lat' dir='ltr'><strong><em>omet</em></strong></span> <span class='ocrx_word' id='word_1_108' title='bbox 662 1131 700 1165; x_wconf 79' lang='lat' dir='ltr'><strong><em>il.</em></strong></span> 
     </span>
    </p>
   </div>
   <div class='ocr_carea' id='block_1_7' title="bbox 425 1271 1772 1737">
    <p class='ocr_par' dir='ltr' id='par_1_7' title="bbox 425 1271 1772 1737">
     <span class='ocr_line' id='line_1_23' title="bbox 476 1271 1766 1322; baseline -0.002 -9"><span class='ocrx_word' id='word_1_109' title='bbox 476 1275 625 1313; x_wconf 73' lang='lat' dir='ltr'><strong><em>Gmsz.</em></strong></span> <span class='ocrx_word' id='word_1_110' title='bbox 657 1274 736 1312; x_wconf 76' lang='lat' dir='ltr'><strong><em>Par</em></strong></span> <span class='ocrx_word' id='word_1_111' title='bbox 765 1272 804 1311; x_wconf 88' lang='lat' dir='ltr'><strong><em>le</em></strong></span> <span class='ocrx_word' id='word_1_112' title='bbox 831 1284 974 1322; x_wconf 76' lang='lat' dir='ltr'><strong><em>ymage</em></strong></span> <span class='ocrx_word' id='word_1_113' title='bbox 1004 1273 1054 1312; x_wconf 91' lang='lat' dir='ltr'><strong><em>de</em></strong></span> <span class='ocrx_word' id='word_1_114' title='bbox 1085 1273 1124 1310; x_wconf 80' lang='lat' dir='ltr'><strong><em>la</em></strong></span> <span class='ocrx_word' id='word_1_115' title='bbox 1155 1273 1269 1311; x_wconf 86' lang='lat' dir='ltr'><strong><em>beste</em></strong></span> <span class='ocrx_word' id='word_1_116' title='bbox 1300 1277 1394 1311; x_wconf 77' lang='lat' dir='ltr'><strong><em>sunt</em></strong></span> <span class='ocrx_word' id='word_1_117' title='bbox 1423 1271 1589 1322; x_wconf 67' lang='lat' dir='ltr'><strong><em>signefie</em></strong></span> <span class='ocrx_word' id='word_1_118' title='bbox 1618 1272 1646 1310; x_wconf 90' lang='lat' dir='ltr'><strong><em>li</em></strong></span> <span class='ocrx_word' id='word_1_119' title='bbox 1678 1271 1766 1310; x_wconf 76' lang='lat' dir='ltr'><strong><em>faus</em></strong></span> 
     </span>
     <span class='ocr_line' id='line_1_24' title="bbox 428 1330 1772 1383; baseline -0.001 -12"><span class='ocrx_word' id='word_1_120' title='bbox 428 1333 558 1383; x_wconf 79' lang='lat' dir='ltr'><strong><em>prelat</em></strong></span> <span class='ocrx_word' id='word_1_121' title='bbox 579 1332 649 1382; x_wconf 89' lang='lat' dir='ltr'><strong><em>qui</em></strong></span> <span class='ocrx_word' id='word_1_122' title='bbox 669 1340 764 1370; x_wconf 81' lang='lat' dir='ltr'><strong><em>sunt</em></strong></span> <span class='ocrx_word' id='word_1_123' title='bbox 782 1331 838 1370; x_wconf 87' lang='lat' dir='ltr'><strong><em>fet</em></strong></span> <span class='ocrx_word' id='word_1_124' title='bbox 856 1332 867 1349; x_wconf 88' lang='lat'><em>¹</em></span> <span class='ocrx_word' id='word_1_125' title='bbox 888 1342 962 1380; x_wconf 83' lang='lat' dir='ltr'><strong><em>par</em></strong></span> <span class='ocrx_word' id='word_1_126' title='bbox 980 1331 1019 1370; x_wconf 87' lang='lat' dir='ltr'><strong><em>le</em></strong></span> <span class='ocrx_word' id='word_1_127' title='bbox 1035 1331 1190 1370; x_wconf 86' lang='lat' dir='ltr'><strong><em>conseil</em></strong></span> <span class='ocrx_word' id='word_1_128' title='bbox 1217 1334 1255 1370; x_wconf 73' lang='grc' dir='ltr'><strong><em>δι</em></strong></span> <span class='ocrx_word' id='word_1_129' title='bbox 1279 1331 1557 1370; x_wconf 85' lang='lat' dir='ltr'><strong><em>l&#39;enticement</em></strong></span> <span class='ocrx_word' id='word_1_130' title='bbox 1578 1331 1629 1370; x_wconf 82' lang='lat' dir='ltr'><strong><em>de</em></strong></span> <span class='ocrx_word' id='word_1_131' title='bbox 1645 1342 1742 1370; x_wconf 78' lang='lat' dir='ltr'><strong><em>cens</em></strong></span> <span class='ocrx_word' id='word_1_132' title='bbox 1758 1330 1772 1348; x_wconf 85' lang='lat'>²</span> 
     </span>
     <span class='ocr_line' id='line_1_25' title="bbox 429 1390 1764 1442; baseline -0.002 -12"><span class='ocrx_word' id='word_1_133' title='bbox 429 1392 500 1442; x_wconf 85' lang='lat' dir='ltr'><strong><em>qui</em></strong></span> <span class='ocrx_word' id='word_1_134' title='bbox 515 1401 687 1442; x_wconf 71' lang='lat' dir='ltr'><strong><em>quer-ent</em></strong></span> <span class='ocrx_word' id='word_1_135' title='bbox 701 1403 769 1430; x_wconf 85' lang='lat' dir='ltr'><strong><em>ces</em></strong></span> <span class='ocrx_word' id='word_1_136' title='bbox 782 1399 1013 1440; x_wconf 73' lang='lat' dir='ltr'><strong><em>tempor-eus</em></strong></span> <span class='ocrx_word' id='word_1_137' title='bbox 1031 1391 1189 1430; x_wconf 84' lang='lat' dir='ltr'><strong><em>choses.</em></strong></span> <span class='ocrx_word' id='word_1_138' title='bbox 1210 1391 1258 1429; x_wconf 92' lang='lat' dir='ltr'><strong><em>Li</em></strong></span> <span class='ocrx_word' id='word_1_139' title='bbox 1277 1391 1443 1440; x_wconf 84' lang='lat' dir='ltr'><strong><em>espirite</em></strong></span> <span class='ocrx_word' id='word_1_140' title='bbox 1462 1391 1512 1429; x_wconf 86' lang='lat' dir='ltr'><strong><em>de</em></strong></span> <span class='ocrx_word' id='word_1_141' title='bbox 1531 1390 1667 1440; x_wconf 75' lang='lat' dir='ltr'><strong><em>parler</em></strong></span> <span class='ocrx_word' id='word_1_142' title='bbox 1683 1401 1764 1440; x_wconf 87' lang='lat' dir='ltr'><strong><em>que</em></strong></span> 
     </span>
     <span class='ocr_line' id='line_1_26' title="bbox 429 1449 1771 1501; baseline -0.002 -11"><span class='ocrx_word' id='word_1_143' title='bbox 429 1460 491 1490; x_wconf 86' lang='lat' dir='ltr'><strong><em>est</em></strong></span> <span class='ocrx_word' id='word_1_144' title='bbox 508 1451 615 1490; x_wconf 68' lang='lat' dir='ltr'><strong><em>done</em></strong></span> <span class='ocrx_word' id='word_1_145' title='bbox 633 1451 671 1490; x_wconf 76' lang='lat' dir='ltr'><strong><em>al</em></strong></span> <span class='ocrx_word' id='word_1_146' title='bbox 684 1462 826 1501; x_wconf 75' lang='lat' dir='ltr'><strong><em>ymage</em></strong></span> <span class='ocrx_word' id='word_1_147' title='bbox 839 1450 1006 1500; x_wconf 85' lang='lat' dir='ltr'><strong><em>signefie</em></strong></span> <span class='ocrx_word' id='word_1_148' title='bbox 1019 1449 1057 1490; x_wconf 87' lang='lat' dir='ltr'><strong><em>le</em></strong></span> <span class='ocrx_word' id='word_1_149' title='bbox 1069 1461 1171 1500; x_wconf 87' lang='lat' dir='ltr'><strong><em>poer</em></strong></span> <span class='ocrx_word' id='word_1_150' title='bbox 1183 1451 1234 1489; x_wconf 88' lang='lat' dir='ltr'><strong><em>de</em></strong></span> <span class='ocrx_word' id='word_1_151' title='bbox 1249 1450 1428 1488; x_wconf 77' lang='lat' dir='ltr'><strong><em>mansere</em></strong></span> <span class='ocrx_word' id='word_1_152' title='bbox 1444 1450 1458 1472; x_wconf 81' lang='lat'>³</span> <span class='ocrx_word' id='word_1_153' title='bbox 1473 1449 1571 1500; x_wconf 85' lang='lat' dir='ltr'><strong><em>qu’il</em></strong></span> <span class='ocrx_word' id='word_1_154' title='bbox 1585 1457 1771 1488; x_wconf 84' lang='lat' dir='ltr'><strong><em>recevent</em></strong></span> 
     </span>
     <span class='ocr_line' id='line_1_27' title="bbox 427 1508 1771 1560; baseline -0.001 -11"><span class='ocrx_word' id='word_1_155' title='bbox 427 1510 740 1560; x_wconf 77' lang='lat' dir='ltr'><strong><em>parl’acheisun</em></strong></span> <span class='ocrx_word' id='word_1_156' title='bbox 757 1510 771 1533; x_wconf 80' lang='lat'><em>⁴</em></span> <span class='ocrx_word' id='word_1_157' title='bbox 789 1510 840 1548; x_wconf 91' lang='lat' dir='ltr'><strong><em>de</em></strong></span> <span class='ocrx_word' id='word_1_158' title='bbox 864 1510 904 1548; x_wconf 79' lang='lat' dir='ltr'><strong><em>la</em></strong></span> <span class='ocrx_word' id='word_1_159' title='bbox 924 1509 1098 1560; x_wconf 77' lang='lat' dir='ltr'><strong><em>dignete.</em></strong></span> <span class='ocrx_word' id='word_1_160' title='bbox 1121 1510 1205 1548; x_wconf 90' lang='lat' dir='ltr'><strong><em>Ceo</em></strong></span> <span class='ocrx_word' id='word_1_161' title='bbox 1225 1522 1307 1560; x_wconf 90' lang='lat' dir='ltr'><strong><em>que</em></strong></span> <span class='ocrx_word' id='word_1_162' title='bbox 1335 1510 1388 1548; x_wconf 89' lang='lat' dir='ltr'><strong><em>cil</em></strong></span> <span class='ocrx_word' id='word_1_163' title='bbox 1406 1517 1502 1548; x_wconf 87' lang='lat' dir='ltr'>sunt</span> <span class='ocrx_word' id='word_1_164' title='bbox 1525 1508 1610 1547; x_wconf 81' lang='lat' dir='ltr'><strong><em>ocis</em></strong></span> <span class='ocrx_word' id='word_1_165' title='bbox 1630 1508 1700 1558; x_wconf 87' lang='lat' dir='ltr'><strong><em>qui</em></strong></span> <span class='ocrx_word' id='word_1_166' title='bbox 1720 1519 1771 1547; x_wconf 87' lang='lat' dir='ltr'><strong><em>ne</em></strong></span> 
     </span>
     <span class='ocr_line' id='line_1_28' title="bbox 427 1569 1771 1620; baseline -0.001 -13"><span class='ocrx_word' id='word_1_167' title='bbox 427 1570 588 1608; x_wconf 81' lang='lat' dir='ltr'><strong><em>voelent</em></strong></span> <span class='ocrx_word' id='word_1_168' title='bbox 605 1581 723 1613; x_wconf 72' lang='lat' dir='ltr'><strong><em>noter</em></strong></span> <span class='ocrx_word' id='word_1_169' title='bbox 746 1569 784 1608; x_wconf 85' lang='lat' dir='ltr'><strong><em>le</em></strong></span> <span class='ocrx_word' id='word_1_170' title='bbox 802 1581 946 1619; x_wconf 77' lang='lat' dir='ltr'><strong><em>ymage</em></strong></span> <span class='ocrx_word' id='word_1_171' title='bbox 971 1569 1139 1620; x_wconf 82' lang='lat' dir='ltr'><strong><em>signefie</em></strong></span> <span class='ocrx_word' id='word_1_172' title='bbox 1162 1581 1241 1619; x_wconf 85' lang='lat' dir='ltr'><strong><em>que</em></strong></span> <span class='ocrx_word' id='word_1_173' title='bbox 1269 1576 1500 1607; x_wconf 83' lang='lat' dir='ltr'><strong><em>erranment</em></strong></span> <span class='ocrx_word' id='word_1_174' title='bbox 1531 1575 1626 1606; x_wconf 82' lang='lat' dir='ltr'><strong><em>suut</em></strong></span> <span class='ocrx_word' id='word_1_175' title='bbox 1654 1579 1771 1606; x_wconf 85' lang='lat' dir='ltr'><strong><em>esco-</em></strong></span> 
     </span>
     <span class='ocr_line' id='line_1_29' title="bbox 426 1625 1772 1679; baseline -0.004 -10"><span class='ocrx_word' id='word_1_176' title='bbox 426 1629 554 1678; x_wconf 81' lang='lat' dir='ltr'><strong><em>migez</em></strong></span> <span class='ocrx_word' id='word_1_177' title='bbox 582 1629 620 1668; x_wconf 75' lang='grc' dir='ltr'><strong><em>δι</em></strong></span> <span class='ocrx_word' id='word_1_178' title='bbox 637 1637 759 1668; x_wconf 77' lang='lat' dir='ltr'><strong><em>tenuz</em></strong></span> <span class='ocrx_word' id='word_1_179' title='bbox 778 1628 1026 1667; x_wconf 83' lang='lat' dir='ltr'><strong><em>meintenant</em></strong></span> <span class='ocrx_word' id='word_1_180' title='bbox 1045 1641 1121 1679; x_wconf 87' lang='lat' dir='ltr'><strong><em>por</em></strong></span> <span class='ocrx_word' id='word_1_181' title='bbox 1149 1629 1324 1668; x_wconf 87' lang='lat' dir='ltr'><strong><em>rebelles</em></strong></span> <span class='ocrx_word' id='word_1_182' title='bbox 1347 1629 1360 1650; x_wconf 87' lang='lat'>⁵</span> <span class='ocrx_word' id='word_1_183' title='bbox 1377 1628 1429 1666; x_wconf 90' lang='lat' dir='ltr'><strong><em>cil</em></strong></span> <span class='ocrx_word' id='word_1_184' title='bbox 1449 1626 1519 1677; x_wconf 86' lang='lat' dir='ltr'><strong><em>qui</em></strong></span> <span class='ocrx_word' id='word_1_185' title='bbox 1539 1638 1591 1665; x_wconf 83' lang='lat' dir='ltr'><strong><em>ne</em></strong></span> <span class='ocrx_word' id='word_1_186' title='bbox 1609 1625 1772 1672; x_wconf 77' lang='lat' dir='ltr'><strong><em>voelent</em></strong></span> 
     </span>
     <span class='ocr_line' id='line_1_30' title="bbox 425 1687 1085 1737; baseline -0.002 -11"><span class='ocrx_word' id='word_1_187' title='bbox 425 1687 632 1726; x_wconf 77' lang='lat' dir='ltr'><strong><em>consentit</em></strong></span> <span class='ocrx_word' id='word_1_188' title='bbox 651 1699 702 1725; x_wconf 72' lang='lat' dir='ltr'><strong><em>uu</em></strong></span> <span class='ocrx_word' id='word_1_189' title='bbox 722 1688 886 1725; x_wconf 75' lang='lat' dir='ltr'><strong><em>mauves</em></strong></span> <span class='ocrx_word' id='word_1_190' title='bbox 906 1687 1042 1737; x_wconf 83' lang='lat' dir='ltr'><strong><em>prelaz</em></strong></span> <span class='ocrx_word' id='word_1_191' title='bbox 1057 1688 1085 1725; x_wconf 78' lang='lat'><strong><em>⁶.</em></strong></span> 
     </span>
    </p>
   </div>
   <div class='ocr_carea' id='block_1_8' title="bbox 415 1830 1768 1954">
    <p class='ocr_par' dir='ltr' id='par_1_8' title="bbox 415 1830 1768 1931">
     <span class='ocr_line' id='line_1_31' title="bbox 471 1830 1768 1880; baseline 0.001 -14"><span class='ocrx_word' id='word_1_192' title='bbox 471 1843 500 1866; x_wconf 85' lang='lat'><strong><em>1.</em></strong></span> <span class='ocrx_word' id='word_1_193' title='bbox 516 1832 575 1867; x_wconf 87' lang='lat' dir='ltr'><strong><em>BC</em></strong></span> <span class='ocrx_word' id='word_1_194' title='bbox 595 1832 793 1877; x_wconf 77' lang='lat' dir='ltr'><strong><em>kifunt—</em></strong></span> <span class='ocrx_word' id='word_1_195' title='bbox 807 1843 839 1867; x_wconf 88' lang='lat'><strong><em>2.</em></strong></span> <span class='ocrx_word' id='word_1_196' title='bbox 858 1833 1121 1869; x_wconf 39' lang='lat' dir='ltr'><strong><em>Bdeiceusffi</em></strong></span> <span class='ocrx_word' id='word_1_197' title='bbox 1133 1833 1165 1868; x_wconf 89' lang='lat'><strong><em>3.</em></strong></span> <span class='ocrx_word' id='word_1_198' title='bbox 1181 1834 1210 1868; x_wconf 93' lang='lat' dir='ltr'><strong>C</strong></span> <span class='ocrx_word' id='word_1_199' title='bbox 1230 1830 1768 1880; x_wconf 68' lang='lat' dir='ltr'><strong><em>delmausl.-4.Bomet1&#39;‚</em></strong></span> 
     </span>
     <span class='ocr_line' id='line_1_32' title="bbox 415 1885 1766 1954; baseline 0.001 -35"><span class='ocrx_word' id='word_1_200' title='bbox 415 1885 455 1919; x_wconf 70' lang='lat' dir='ltr'><strong><em>⁴C</em></strong></span> <span class='ocrx_word' id='word_1_201' title='bbox 468 1895 507 1929; x_wconf 94' lang='grc' dir='ltr'><strong><em>Ρ.</em></strong></span> <span class='ocrx_word' id='word_1_202' title='bbox 532 1886 741 1921; x_wconf 79' lang='lat' dir='ltr'><strong><em>l’encheson.</em></strong></span> <span class='ocrx_word' id='word_1_203' title='bbox 757 1905 799 1911; x_wconf 95' lang='lat'>—</span> <span class='ocrx_word' id='word_1_204' title='bbox 818 1885 851 1920; x_wconf 89' lang='lat'><strong><em>5.</em></strong></span> <span class='ocrx_word' id='word_1_205' title='bbox 868 1887 897 1921; x_wconf 87' lang='lat' dir='ltr'>B</span> <span class='ocrx_word' id='word_1_206' title='bbox 916 1891 1044 1922; x_wconf 83' lang='lat' dir='ltr'><strong><em>errant</em></strong></span> <span class='ocrx_word' id='word_1_207' title='bbox 1059 1898 1089 1921; x_wconf 81' lang='lat' dir='ltr'><strong><em>s.</em></strong></span> <span class='ocrx_word' id='word_1_208' title='bbox 1113 1897 1188 1922; x_wconf 83' lang='lat' dir='ltr'><strong><em>esc.</em></strong></span> <span class='ocrx_word' id='word_1_209' title='bbox 1206 1891 1336 1922; x_wconf 76' lang='lat' dir='ltr'><strong><em>errant</em></strong></span> <span class='ocrx_word' id='word_1_210' title='bbox 1353 1890 1440 1921; x_wconf 76' lang='lat' dir='ltr'><strong><em>sunt</em></strong></span> <span class='ocrx_word' id='word_1_211' title='bbox 1456 1887 1577 1931; x_wconf 60' lang='lat' dir='ltr'><strong><em>robes,</em></strong></span> <span class='ocrx_word' id='word_1_212' title='bbox 1592 1886 1622 1921; x_wconf 90' lang='lat' dir='ltr'>C</span> <span class='ocrx_word' id='word_1_213' title='bbox 1635 1895 1766 1954; x_wconf 70' lang='lat' dir='ltr'><strong><em>errau-</em></strong></span> 
     </span>
    </p>
   </div>
   <div class='ocr_carea' id='block_1_9' title="bbox 424 1939 1538 1998">
    <p class='ocr_par' dir='ltr' id='par_1_9' title="bbox 424 1939 1538 1998">
     <span class='ocr_line' id='line_1_33' title="bbox 424 1939 1538 1998; baseline 0.002 -26"><span class='ocrx_word' id='word_1_214' title='bbox 424 1943 521 1972; x_wconf 80' lang='lat' dir='ltr'><strong><em>ment</em></strong></span> <span class='ocrx_word' id='word_1_215' title='bbox 537 1943 623 1973; x_wconf 75' lang='lat' dir='ltr'><strong><em>sunt</em></strong></span> <span class='ocrx_word' id='word_1_216' title='bbox 640 1939 751 1998; x_wconf 74' lang='lat' dir='ltr'><strong><em>rubet.</em></strong></span> <span class='ocrx_word' id='word_1_217' title='bbox 772 1958 814 1966; x_wconf 92' lang='lat'>—</span> <span class='ocrx_word' id='word_1_218' title='bbox 831 1940 866 1975; x_wconf 85' lang='lat'><strong><em>6.</em></strong></span> <span class='ocrx_word' id='word_1_219' title='bbox 888 1940 948 1976; x_wconf 85' lang='lat' dir='ltr'><strong><em>BC</em></strong></span> <span class='ocrx_word' id='word_1_220' title='bbox 970 1949 1014 1976; x_wconf 71' lang='lat' dir='ltr'><strong><em>as</em></strong></span> <span class='ocrx_word' id='word_1_221' title='bbox 1029 1941 1073 1984; x_wconf 88' lang='lat' dir='ltr'><strong><em>(C</em></strong></span> <span class='ocrx_word' id='word_1_222' title='bbox 1092 1941 1131 1985; x_wconf 91' lang='lat' dir='ltr'><strong><em>a)</em></strong></span> <span class='ocrx_word' id='word_1_223' title='bbox 1138 1941 1229 1986; x_wconf 76' lang='lat' dir='ltr'><strong><em>saus</em></strong></span> <span class='ocrx_word' id='word_1_224' title='bbox 1241 1951 1306 1985; x_wconf 76' lang='lat' dir='ltr'><strong><em>pr.</em></strong></span> <span class='ocrx_word' id='word_1_225' title='bbox 1330 1950 1350 1974; x_wconf 90' lang='lat' dir='ltr'><strong><em>e</em></strong></span> <span class='ocrx_word' id='word_1_226' title='bbox 1368 1940 1538 1975; x_wconf 67' lang='lat' dir='ltr'><strong><em>mammis.</em></strong></span> 
     </span>
    </p>
   </div>
   <div class='ocr_carea' id='block_1_10' title="bbox 422 2092 1066 2280">
    <p class='ocr_par' dir='ltr' id='par_1_10' title="bbox 422 2092 1066 2280">
     <span class='ocr_line' id='line_1_34' title="bbox 479 2092 1065 2149; baseline 0.002 -14"><span class='ocrx_word' id='word_1_227' title='bbox 479 2092 620 2146; x_wconf 78' lang='lat' dir='ltr'><strong>(XIII,</strong></span> <span class='ocrx_word' id='word_1_228' title='bbox 645 2094 708 2148; x_wconf 86' lang='lat'><strong><em>16)</em></strong></span> <span class='ocrx_word' id='word_1_229' title='bbox 727 2094 793 2136; x_wconf 84' lang='lat' dir='ltr'><strong><em>Et</em></strong></span> <span class='ocrx_word' id='word_1_230' title='bbox 796 2093 946 2149; x_wconf 84' lang='lat' dir='ltr'><strong><em>faciet</em></strong></span> <span class='ocrx_word' id='word_1_231' title='bbox 976 2108 1065 2136; x_wconf 91' lang='lat' dir='ltr'><strong><em>om-</em></strong></span> 
     </span>
     <span class='ocr_line' id='line_1_35' title="bbox 424 2161 1066 2217; baseline 0.003 -17"><span class='ocrx_word' id='word_1_232' title='bbox 424 2171 499 2201; x_wconf 82' lang='lat' dir='ltr'><strong><em>nes</em></strong></span> <span class='ocrx_word' id='word_1_233' title='bbox 519 2161 709 2214; x_wconf 81' lang='lat' dir='ltr'><strong><em>pusillos</em></strong></span> <span class='ocrx_word' id='word_1_234' title='bbox 736 2167 780 2202; x_wconf 89' lang='lat' dir='ltr'><strong><em>et</em></strong></span> <span class='ocrx_word' id='word_1_235' title='bbox 796 2173 993 2217; x_wconf 84' lang='lat' dir='ltr'><strong><em>magnos,</em></strong></span> <span class='ocrx_word' id='word_1_236' title='bbox 1022 2168 1066 2203; x_wconf 86' lang='lat' dir='ltr'><strong><em>et</em></strong></span> 
     </span>
     <span class='ocr_line' id='line_1_36' title="bbox 422 2224 1061 2280; baseline 0.003 -15"><span class='ocrx_word' id='word_1_237' title='bbox 422 2224 577 2266; x_wconf 81' lang='lat' dir='ltr'><strong><em>divites</em></strong></span> <span class='ocrx_word' id='word_1_238' title='bbox 595 2231 640 2267; x_wconf 89' lang='lat' dir='ltr'><strong><em>et</em></strong></span> <span class='ocrx_word' id='word_1_239' title='bbox 647 2238 868 2280; x_wconf 77' lang='lat' dir='ltr'><strong><em>pauperes</em></strong></span> <span class='ocrx_word' id='word_1_240' title='bbox 894 2232 938 2267; x_wconf 88' lang='lat' dir='ltr'><strong><em>et</em></strong></span> <span class='ocrx_word' id='word_1_241' title='bbox 959 2225 1061 2268; x_wconf 83' lang='lat' dir='ltr'><strong><em>libe.</em></strong></span> 
     </span>
    </p>
   </div>
   <div class='ocr_carea' id='block_1_11' title="bbox 420 2290 1060 2394">
    <p class='ocr_par' dir='ltr' id='par_1_11' title="bbox 420 2290 1060 2394">
     <span class='ocr_line' id='line_1_37' title="bbox 420 2290 1060 2341; baseline 0.002 -11"><span class='ocrx_word' id='word_1_242' title='bbox 420 2302 496 2331; x_wconf 83' lang='lat' dir='ltr'><strong><em>ros</em></strong></span> <span class='ocrx_word' id='word_1_243' title='bbox 521 2296 566 2331; x_wconf 84' lang='lat' dir='ltr'><strong><em>et</em></strong></span> <span class='ocrx_word' id='word_1_244' title='bbox 588 2302 750 2341; x_wconf 81' lang='lat' dir='ltr'><strong><em>servos,</em></strong></span> <span class='ocrx_word' id='word_1_245' title='bbox 774 2290 934 2332; x_wconf 76' lang='lat' dir='ltr'><strong><em>habere</em></strong></span> <span class='ocrx_word' id='word_1_246' title='bbox 955 2292 1060 2332; x_wconf 85' lang='lat' dir='ltr'><strong><em>cha-</em></strong></span> 
     </span>
     <span class='ocr_line' id='line_1_38' title="bbox 420 2350 1058 2394; baseline 0.006 -4"><span class='ocrx_word' id='word_1_247' title='bbox 420 2354 635 2393; x_wconf 83' lang='lat' dir='ltr'><strong><em>racterem</em></strong></span> <span class='ocrx_word' id='word_1_248' title='bbox 656 2350 700 2392; x_wconf 88' lang='lat' dir='ltr'><strong><em>in</em></strong></span> <span class='ocrx_word' id='word_1_249' title='bbox 725 2351 910 2393; x_wconf 83' lang='lat' dir='ltr'><strong><em>dextera</em></strong></span> <span class='ocrx_word' id='word_1_250' title='bbox 928 2365 1058 2394; x_wconf 87' lang='lat' dir='ltr'><strong><em>manu</em></strong></span> 
     </span>
    </p>
   </div>
   <div class='ocr_carea' id='block_1_12' title="bbox 410 2415 1057 2718">
    <p class='ocr_par' dir='ltr' id='par_1_12' title="bbox 410 2415 1057 2718">
     <span class='ocr_line' id='line_1_39' title="bbox 417 2415 1055 2472; baseline 0.005 -16"><span class='ocrx_word' id='word_1_251' title='bbox 417 2427 499 2456; x_wconf 85' lang='lat' dir='ltr'><strong><em>sua</em></strong></span> <span class='ocrx_word' id='word_1_252' title='bbox 522 2423 601 2457; x_wconf 83' lang='lat' dir='ltr'><strong><em>aut</em></strong></span> <span class='ocrx_word' id='word_1_253' title='bbox 628 2416 672 2457; x_wconf 86' lang='lat' dir='ltr'><strong><em>in</em></strong></span> <span class='ocrx_word' id='word_1_254' title='bbox 694 2415 930 2471; x_wconf 83' lang='lat' dir='ltr'><strong><em>frontibus</em></strong></span> <span class='ocrx_word' id='word_1_255' title='bbox 948 2417 1055 2472; x_wconf 80' lang='lat' dir='ltr'><strong><em>suis,</em></strong></span> 
     </span>
     <span class='ocr_line' id='line_1_40' title="bbox 421 2478 1057 2535; baseline 0.006 -15"><span class='ocrx_word' id='word_1_256' title='bbox 421 2478 503 2534; x_wconf 90' lang='lat'>(17)</span> <span class='ocrx_word' id='word_1_257' title='bbox 524 2486 569 2521; x_wconf 86' lang='lat' dir='ltr'><strong><em>et</em></strong></span> <span class='ocrx_word' id='word_1_258' title='bbox 584 2493 638 2522; x_wconf 86' lang='lat' dir='ltr'><strong><em>ne</em></strong></span> <span class='ocrx_word' id='word_1_259' title='bbox 655 2479 753 2535; x_wconf 81' lang='lat' dir='ltr'><strong><em>quis</em></strong></span> <span class='ocrx_word' id='word_1_260' title='bbox 759 2481 904 2535; x_wconf 82' lang='lat' dir='ltr'><strong><em>possit</em></strong></span> <span class='ocrx_word' id='word_1_261' title='bbox 916 2495 1057 2524; x_wconf 81' lang='lat' dir='ltr'><strong><em>emere</em></strong></span> 
     </span>
     <span class='ocr_line' id='line_1_41' title="bbox 417 2545 1056 2602; baseline 0.008 -18"><span class='ocrx_word' id='word_1_262' title='bbox 417 2551 495 2585; x_wconf 84' lang='lat' dir='ltr'><strong><em>aut</em></strong></span> <span class='ocrx_word' id='word_1_263' title='bbox 527 2545 725 2595; x_wconf 83' lang='lat' dir='ltr'><strong><em>vendere,</em></strong></span> <span class='ocrx_word' id='word_1_264' title='bbox 751 2545 839 2589; x_wconf 81' lang='lat' dir='ltr'><strong><em>nisi</em></strong></span> <span class='ocrx_word' id='word_1_265' title='bbox 868 2547 945 2602; x_wconf 81' lang='lat' dir='ltr'><strong><em>qui</em></strong></span> <span class='ocrx_word' id='word_1_266' title='bbox 977 2548 1056 2588; x_wconf 86' lang='lat' dir='ltr'><strong><em>ha-</em></strong></span> 
     </span>
     <span class='ocr_line' id='line_1_42' title="bbox 410 2607 1055 2662; baseline 0.008 -13"><span class='ocrx_word' id='word_1_267' title='bbox 410 2607 490 2660; x_wconf 17' lang='lat' dir='ltr'><strong><em>‘bet</em></strong></span> <span class='ocrx_word' id='word_1_268' title='bbox 506 2608 802 2653; x_wconf 80' lang='lat' dir='ltr'><strong><em>characterem</em></strong></span> <span class='ocrx_word' id='word_1_269' title='bbox 813 2618 894 2653; x_wconf 83' lang='lat' dir='ltr'><strong><em>aut</em></strong></span> <span class='ocrx_word' id='word_1_270' title='bbox 901 2625 1055 2662; x_wconf 78' lang='lat' dir='ltr'><strong><em>nomen</em></strong></span> 
     </span>
     <span class='ocr_line' id='line_1_43' title="bbox 421 2670 1053 2718; baseline 0.008 -5"><span class='ocrx_word' id='word_1_271' title='bbox 421 2670 673 2716; x_wconf 51' lang='lat' dir='ltr'><strong><em>bestiaffiaut</em></strong></span> <span class='ocrx_word' id='word_1_272' title='bbox 682 2673 909 2717; x_wconf 84' lang='lat' dir='ltr'><strong><em>numerum</em></strong></span> <span class='ocrx_word' id='word_1_273' title='bbox 920 2677 1053 2718; x_wconf 86' lang='lat' dir='ltr'><strong><em>nomi-</em></strong></span> 
     </span>
    </p>
   </div>
   <div class='ocr_carea' id='block_1_13' title="bbox 1125 2094 1764 2722">
    <p class='ocr_par' dir='ltr' id='par_1_13' title="bbox 1125 2094 1764 2722">
     <span class='ocr_line' id='line_1_44' title="bbox 1189 2094 1762 2149; baseline 0.003 -13"><span class='ocrx_word' id='word_1_274' title='bbox 1189 2095 1301 2149; x_wconf 65' lang='lat' dir='ltr'><strong><em>(Fol,</em></strong></span> <span class='ocrx_word' id='word_1_275' title='bbox 1337 2096 1399 2137; x_wconf 80' lang='lat'><strong><em>25</em></strong></span> <span class='ocrx_word' id='word_1_276' title='bbox 1432 2104 1501 2148; x_wconf 82' lang='lat' dir='ltr'><strong><em>v0;</em></strong></span> <span class='ocrx_word' id='word_1_277' title='bbox 1532 2094 1657 2148; x_wconf 70' lang='lat' dir='ltr'>XIH,</span> <span class='ocrx_word' id='word_1_278' title='bbox 1700 2095 1762 2148; x_wconf 81' lang='lat'><strong><em>16)</em></strong></span> 
     </span>
     <span class='ocr_line' id='line_1_45' title="bbox 1133 2159 1764 2202; baseline 0 -1"><span class='ocrx_word' id='word_1_279' title='bbox 1133 2159 1257 2201; x_wconf 73' lang='lat' dir='ltr'><strong><em>anr.</em></strong></span> <span class='ocrx_word' id='word_1_280' title='bbox 1281 2160 1333 2202; x_wconf 87' lang='lat' dir='ltr'><strong><em>Et</em></strong></span> <span class='ocrx_word' id='word_1_281' title='bbox 1361 2160 1453 2202; x_wconf 80' lang='lat' dir='ltr'><strong><em>fera</em></strong></span> <span class='ocrx_word' id='word_1_282' title='bbox 1471 2159 1513 2202; x_wconf 79' lang='lat' dir='ltr'><strong><em>la</em></strong></span> <span class='ocrx_word' id='word_1_283' title='bbox 1543 2160 1661 2201; x_wconf 87' lang='lat' dir='ltr'><strong><em>beste</em></strong></span> <span class='ocrx_word' id='word_1_284' title='bbox 1691 2169 1764 2201; x_wconf 90' lang='lat' dir='ltr'><strong><em>tuz</em></strong></span> 
     </span>
     <span class='ocr_line' id='line_1_46' title="bbox 1131 2224 1761 2280; baseline 0.002 -14"><span class='ocrx_word' id='word_1_285' title='bbox 1131 2225 1370 2274; x_wconf 87' lang='lat' dir='ltr'><strong><em>ensemble‚</em></strong></span> <span class='ocrx_word' id='word_1_286' title='bbox 1393 2224 1507 2280; x_wconf 83' lang='lat' dir='ltr'><strong><em>petiz</em></strong></span> <span class='ocrx_word' id='word_1_287' title='bbox 1526 2226 1566 2266; x_wconf 87' lang='lat'>&amp;</span> <span class='ocrx_word' id='word_1_288' title='bbox 1580 2237 1713 2279; x_wconf 81' lang='lat' dir='ltr'><strong><em>granz</em></strong></span> <span class='ocrx_word' id='word_1_289' title='bbox 1732 2225 1761 2273; x_wconf 88' lang='lat'><strong><em>¹,</em></strong></span> 
     </span>
     <span class='ocr_line' id='line_1_47' title="bbox 1131 2289 1763 2345; baseline 0 -14"><span class='ocrx_word' id='word_1_290' title='bbox 1131 2289 1274 2332; x_wconf 85' lang='lat' dir='ltr'><strong><em>riches</em></strong></span> <span class='ocrx_word' id='word_1_291' title='bbox 1303 2291 1343 2332; x_wconf 71' lang='grc' dir='ltr'>ἃ</span> <span class='ocrx_word' id='word_1_292' title='bbox 1373 2291 1544 2345; x_wconf 64' lang='lat' dir='ltr'><strong><em>povres,</em></strong></span> <span class='ocrx_word' id='word_1_293' title='bbox 1572 2289 1691 2331; x_wconf 80' lang='lat' dir='ltr'><strong><em>frans</em></strong></span> <span class='ocrx_word' id='word_1_294' title='bbox 1723 2291 1763 2331; x_wconf 69' lang='grc' dir='ltr'>ἃ</span> 
     </span>
     <span class='ocr_line' id='line_1_48' title="bbox 1129 2354 1760 2411; baseline 0.002 -16"><span class='ocrx_word' id='word_1_295' title='bbox 1129 2355 1253 2408; x_wconf 86' lang='lat' dir='ltr'><strong><em>serfs,</em></strong></span> <span class='ocrx_word' id='word_1_296' title='bbox 1273 2366 1403 2397; x_wconf 83' lang='lat' dir='ltr'><strong><em>avoer</em></strong></span> <span class='ocrx_word' id='word_1_297' title='bbox 1422 2354 1463 2411; x_wconf 73' lang='lat' dir='ltr'><strong><em>le</em></strong></span> <span class='ocrx_word' id='word_1_298' title='bbox 1480 2366 1598 2396; x_wconf 86' lang='lat' dir='ltr'><strong><em>merc</em></strong></span> <span class='ocrx_word' id='word_1_299' title='bbox 1613 2355 1666 2396; x_wconf 88' lang='lat' dir='ltr'><strong><em>de</em></strong></span> <span class='ocrx_word' id='word_1_300' title='bbox 1686 2354 1728 2396; x_wconf 90' lang='lat' dir='ltr'><strong><em>la</em></strong></span> <span class='ocrx_word' id='word_1_301' title='bbox 1747 2354 1760 2371; x_wconf 89' lang='lat'><strong>²</strong></span> 
     </span>
     <span class='ocr_line' id='line_1_49' title="bbox 1129 2418 1764 2462; baseline 0.002 -2"><span class='ocrx_word' id='word_1_302' title='bbox 1129 2419 1248 2461; x_wconf 90' lang='lat' dir='ltr'><strong><em>beste</em></strong></span> <span class='ocrx_word' id='word_1_303' title='bbox 1282 2423 1337 2460; x_wconf 87' lang='lat' dir='ltr'><strong><em>en</em></strong></span> <span class='ocrx_word' id='word_1_304' title='bbox 1368 2418 1439 2461; x_wconf 89' lang='lat' dir='ltr'><strong><em>lur</em></strong></span> <span class='ocrx_word' id='word_1_305' title='bbox 1473 2418 1593 2461; x_wconf 83' lang='lat' dir='ltr'><strong><em>main</em></strong></span> <span class='ocrx_word' id='word_1_306' title='bbox 1623 2419 1764 2462; x_wconf 85' lang='lat' dir='ltr'><strong><em>destre</em></strong></span> 
     </span>
     <span class='ocr_line' id='line_1_50' title="bbox 1129 2483 1763 2539; baseline -0.002 -14"><span class='ocrx_word' id='word_1_307' title='bbox 1129 2496 1187 2525; x_wconf 89' lang='lat' dir='ltr'><strong><em>ou</em></strong></span> <span class='ocrx_word' id='word_1_308' title='bbox 1201 2496 1255 2525; x_wconf 89' lang='lat' dir='ltr'><strong><em>en</em></strong></span> <span class='ocrx_word' id='word_1_309' title='bbox 1273 2483 1343 2525; x_wconf 86' lang='lat' dir='ltr'><strong><em>lur</em></strong></span> <span class='ocrx_word' id='word_1_310' title='bbox 1357 2483 1498 2536; x_wconf 87' lang='lat' dir='ltr'><strong><em>frunz,</em></strong></span> <span class='ocrx_word' id='word_1_311' title='bbox 1518 2483 1600 2539; x_wconf 86' lang='lat'>(17)</span> <span class='ocrx_word' id='word_1_312' title='bbox 1618 2485 1658 2525; x_wconf 85' lang='lat'>&amp;</span> <span class='ocrx_word' id='word_1_313' title='bbox 1678 2497 1763 2539; x_wconf 91' lang='lat' dir='ltr'><strong><em>que</em></strong></span> 
     </span>
     <span class='ocr_line' id='line_1_51' title="bbox 1128 2547 1763 2602; baseline 0.005 -14"><span class='ocrx_word' id='word_1_314' title='bbox 1128 2548 1206 2590; x_wconf 85' lang='lat' dir='ltr'><strong><em>nul</em></strong></span> <span class='ocrx_word' id='word_1_315' title='bbox 1238 2561 1292 2589; x_wconf 90' lang='lat' dir='ltr'><strong><em>ne</em></strong></span> <span class='ocrx_word' id='word_1_316' title='bbox 1321 2547 1469 2602; x_wconf 89' lang='lat' dir='ltr'><strong><em>puisse</em></strong></span> <span class='ocrx_word' id='word_1_317' title='bbox 1501 2548 1675 2596; x_wconf 69' lang='lat' dir='ltr'><strong><em>achates</em></strong></span> <span class='ocrx_word' id='word_1_318' title='bbox 1707 2562 1763 2591; x_wconf 85' lang='lat' dir='ltr'><strong><em>ne</em></strong></span> 
     </span>
     <span class='ocr_line' id='line_1_52' title="bbox 1125 2611 1761 2656; baseline 0.006 -4"><span class='ocrx_word' id='word_1_319' title='bbox 1125 2613 1287 2654; x_wconf 80' lang='lat' dir='ltr'><strong><em>vendre</em></strong></span> <span class='ocrx_word' id='word_1_320' title='bbox 1328 2611 1394 2653; x_wconf 87' lang='lat' dir='ltr'><strong><em>s&#39;il</em></strong></span> <span class='ocrx_word' id='word_1_321' title='bbox 1436 2612 1540 2654; x_wconf 89' lang='lat' dir='ltr'><strong><em>n&#39;eit</em></strong></span> <span class='ocrx_word' id='word_1_322' title='bbox 1573 2612 1614 2655; x_wconf 89' lang='lat' dir='ltr'><strong><em>le</em></strong></span> <span class='ocrx_word' id='word_1_323' title='bbox 1644 2611 1761 2656; x_wconf 78' lang='lat' dir='ltr'><strong><em>merc</em></strong></span> 
     </span>
     <span class='ocr_line' id='line_1_53' title="bbox 1126 2673 1758 2722; baseline 0.002 -3"><span class='ocrx_word' id='word_1_324' title='bbox 1126 2677 1179 2719; x_wconf 85' lang='lat' dir='ltr'><strong><em>de</em></strong></span> <span class='ocrx_word' id='word_1_325' title='bbox 1198 2677 1241 2719; x_wconf 78' lang='lat' dir='ltr'><strong><em>la</em></strong></span> <span class='ocrx_word' id='word_1_326' title='bbox 1261 2677 1379 2719; x_wconf 79' lang='lat' dir='ltr'><strong><em>beste</em></strong></span> <span class='ocrx_word' id='word_1_327' title='bbox 1399 2689 1458 2718; x_wconf 88' lang='lat' dir='ltr'><strong><em>ou</em></strong></span> <span class='ocrx_word' id='word_1_328' title='bbox 1484 2689 1568 2719; x_wconf 84' lang='lat' dir='ltr'><strong><em>sun</em></strong></span> <span class='ocrx_word' id='word_1_329' title='bbox 1588 2691 1680 2722; x_wconf 87' lang='lat' dir='ltr'><strong><em>non</em></strong></span> <span class='ocrx_word' id='word_1_330' title='bbox 1699 2673 1758 2720; x_wconf 77' lang='lat' dir='ltr'><strong><em>bu</em></strong></span> 
     </span>
    </p>
   </div>
  </div>
 </body>
</html>
