1910 3158
522 246 856 296 L'APOCALYPSE
885 264 943 296 m
975 264 1198 309 remens
1504 254 1528 299 5

234 381 266 413 ,1.
280 371 312 408 Β
329 377 431 409 unet
447 372 485 407 1·
501 372 749 415 conjonction.
764 390 804 398 -
823 382 855 407 2.
877 372 906 406 B
924 373 955 407 C
973 376 1046 407 teu.
1065 391 1106 398 -—
1127 373 1159 407 3.
1176 374 1206 409 C
1225 374 1292 408 les.

202 568 204 570 v
243 514 328 570 (11,
343 514 563 570 1)Angelo
582 514 748 568 Ephesi
766 528 828 557 ec·

192 577 353 629 chiae
367 579 512 622 scribe
538 593 554 621 .·
571 580 702 622 Haec
719 579 830 622 dicit

190 643 270 701 qm·
296 650 414 687 tenet
431 651 591 700 septem
608 645 762 686 stellas
779 644 824 686 in

191 708 379 752 dextera
406 722 503 761 sua,
529 709 605 764 qui
632 702 827 751 ambulat

190 774 240 820 in
273 774 416 818 medio
440 781 601 829 septem
626 774 826 817 candela-

192 837 617 882 bmrumaureorum
629 853 645 880 .-
653 839 824 892 (2)Scio

190 916 327 960 opera
355 911 444 955 tua,
477 911 522 947 et
546 905 751 956 laborem,
782 911 826 946 et

182 968 446 1026 patientiam
476 976 609 1021 maon,
643 976 689 1011 et
719 970 824 1025 quia

189 1047 277 1078 non
284 1042 411 1092 potes
425 1035 642 1077 sustiuere
654 1037 793 1077 malos
808 1049 825 1087 ,-

191 1107 238 1144 et
251 1100 431 1144 tentasti
440 1113 515 1144 eos
523 1100 602 1156 qui
614 1113 662 1143 se
673 1100 827 1143 dicunt

190 1166 410 1223 apostolos
428 1178 534 1218 esse,
547 1172 592 1208 et
607 1179 693 1208 non
704 1173 820 1219 sunt,

192 1237 238 1275 et
253 1231 458 1276 invenisti
481 1243 556 1274 eos
579 1231 820 1274 mendaces.

191 1296 246 1353 (3)
262 1297 330 1341 Et
336 1295 602 1353 patientiam
620 1296 763 1347 habes,
781 1303 826 1338 et

185 1361 434 1406 sustinuisti
453 1368 642 1417 propter
667 1374 819 1403 nomen

186 1437 344 1479 mnu
357 1433 403 1469 et
418 1438 503 1469 non
521 1425 739 1482 defecisti.
762 1426 819 1480 (4)

182 1490 280 1535 Sed
317 1491 455 1534 habeo
502 1491 733 1534 adversum
779 1499 822 1533 te

183 1555 303 1613 {uod
318 1556 578 1599 charitatem
596 1563 716 1598 tuam
725 1557 820 1610 pri·

186 1633 301 1664 m
319 1620 554 1676 reliquisti.
577 1620 823 1675 (5)Memor

185 1692 277 1728 esto
295 1685 441 1741 itaque
459 1685 573 1727 unde
584 1684 818 1737 excideris,

185 1742 231 1793 et
245 1762 330 1806 age
335 1749 662 1806 poenitentiam,
678 1757 722 1792 et
724 1750 824 1805 pri-

187 1828 258 1857 ma
276 1827 411 1871 opera
434 1816 513 1868 fac
533 1829 549 1857 .·
572 1815 641 1857 sin
661 1822 817 1866 autem,

186 1879 312 1923 mio
342 1880 436 1933 tibi,
457 1886 503 1922 et
518 1880 692 1922 movebo
717 1893 821 1922 can·

185 1944 413 1987 delubrum
423 1950 543 1987 naum
549 1944 604 1987 de
618 1946 714 1987 loco
724 1958 817 1995 suo,

185 2008 273 2051 nisi
307 2009 624 2064 poenitentiam
659 2009 820 2064 egeris.

187 2073 244 2128 (6)
252 2073 344 2116 Sed
354 2075 438 2116 hoc
449 2074 583 2117 habes
595 2074 700 2129 quia
708 2074 821 2116 odis·

186 2137 222 2181 ti
219 2138 354 2194 sacta
360 2139 411 2182 N
410 2138 703 2189 icolaitarum,
711 2153 823 2194 quae

185 2208 231 2245 et
255 2215 340 2259 ego
363 2202 452 2245 odi.
487 2204 546 2258 (7)
578 2203 666 2254 Qui
698 2204 827 2246 habet

184 2279 336 2313 aurem
359 2267 516 2311 audiat
538 2268 646 2323 quid
675 2268 822 2324 Spiri-

186 2337 259 2375 tus
296 2332 417 2375 dicat
446 2333 642 2375 ecclesiis
669 2347 684 2375 :
721 2334 821 2376 Vin-

183 2398 300 2440 centi
318 2397 431 2440 dabo
455 2397 584 2440 edere
613 2398 667 2441 de
695 2399 819 2455 ligno

183 2463 311 2512 vitae,
332 2462 448 2518 quod
463 2463 591 2506 estin
603 2463 818 2518 paradiso

182 2525 270 2572 Dea·
287 2528 384 2570 mei.

953 515 1024 568 (11,
1065 517 1097 570 ι)
1128 518 1267 571 Apres
1298 530 1376 559 ceo
1408 531 1531 560 com-

899 581 1059 623 manda
1090 578 1251 623 Nostre
1288 581 1477 637 Seignur
1507 596 1531 625 a

898 645 1010 688 seint
1017 645 1039 687 J
1044 645 1161 688 ohan
1174 646 1282 701 qu'il
1293 646 1478 689 escrisit¹
1489 648 1531 690 al

896 711 1050 752 eveske
1069 711 1122 752 de
1141 710 1296 766 l‘iglise
1317 712 1371 753 de
1392 712 1532 767 Ephe·

897 775 990 817 sie:
1015 776 1109 818 Ceo
1128 776 1216 818 dist
1243 776 1300 819 cil
1325 776 1403 832 qui
1421 777 1531 820 tient

895 840 960 882 les
969 851 1034 882 set
1046 841 1235 884 esteilles
1245 855 1300 883 en
1311 843 1528 896 sadestre,

896 908 937 948 ἃ
956 919 1008 947 va
1027 906 1043 924 ⁸
1061 919 1115 948 cn
1140 907 1202 948 mi
1222 907 1287 948 les
1317 918 1381 949 set
1399 907 1529 950 chan·

896 971 1094 1013 delabres
1123 972 1177 1013 de
1196 985 1248 1013 or
1276 984 1288 1013 t
1315 973 1369 1026 (2)
1389 972 1439 1014 Je
1468 972 1529 1015 sai

894 1050 959 1082 tes
978 1052 1129 1082 eovres
1143 1040 1183 1081 &
1199 1050 1263 1081 tes
1274 1040 1478 1082 labours³
1491 1042 1531 1082 &

895 1114 938 1146 ta
969 1103 1179 1159 patience,
1214 1105 1255 1146 &
1287 1105 1339 1146 ke
1366 1117 1447 1146 vos
1476 1118 1530 1146 ne

894 1181 1003 1224 poez
1017 1167 1163 1210 suffrir
1176 1168 1239 1210 les
1257 1169 1436 1210 malveis
1450 1169 1477 1216 ⁴,
1490 1171 1530 1212 ἃ

894 1246 996 1275 cum
1011 1246 1090 1275 vos
1103 1246 1206 1275 avez
1226 1235 1324 1275 asae
1341 1235 1382 1276 ἃ
1396 1234 1531 1276 ateint

894 1299 948 1340 de
967 1298 1137 1340 fausine
1163 1311 1266 1340 ceus
1296 1298 1339 1340 ki
1359 1312 1405 1340 se
1430 1299 1530 1341 sunt

892 1363 1082 1419 apostles
1095 1365 1136 1406 &
1150 1377 1204 1406 ne
1218 1374 1322 1406 sunt
1334 1377 1412 1419 pas
1426 1364 1454 1406 ⁴.
1473 1365 1526 1419 (3)

892 1430 949 1472 Et
967 1442 1020 1483 ge
1048 1428 1111 1471 sai
1137 1428 1200 1470 les
1219 1429 1458 1472 adversitez
1478 1431 1529 1471 ke

893 1507 971 1536 vos
1001 1507 1103 1535 avez
1133 1493 1283 1536 suffert
1316 1507 1401 1549 pur
1419 1495 1523 1536 moi.

890 1559 953 1613 (4)
977 1559 1073 1600 Mes
1106 1571 1193 1600 une
1215 1558 1349 1600 chose
1380 1559 1395 1600 i
1415 1572 1455 1610 a,
1477 1561 1528 1600 ke

892 1636 973 1664 vos
1000 1635 1103 1664 avez
1123 1622 1275 1677 guerpi
1298 1623 1339 1664 la
1364 1623 1527 1665 charite

893 1701 980 1743 que
998 1701 1078 1730 vos
1093 1687 1211 1729 aviez
1227 1701 1281 1729 au
1302 1701 1528 1729 commen-

894 1762 1080 1794 cement.
1115 1753 1168 1805 (5)
1205 1753 1295 1794 Ρυι·
1333 1765 1411 1794 ceo
1448 1766 1528 1794 vos

896 1817 1090 1858 membre
1118 1816 1150 1858 il
1175 1817 1285 1858 dunt
1310 1829 1389 1858 vos
1417 1828 1527 1859 estes

894 1881 1026 1923 chaez
1050 1881 1078 1931 ⁵,
1119 1882 1160 1923 ἃ
1190 1881 1297 1924 fetes
1333 1894 1527 1936 penance

893 1947 970 1988 des
991 1947 1006 1970 ⁸
1034 1958 1186 1988 eovres
1215 1947 1267 1988 ke
1299 1958 1377 1987 vos
1406 1946 1528 1988 senes

894 2021 1038 2060 avant,
1066 2022 1141 2061 ou,
1172 2023 1219 2051 ce
1255 2023 1304 2052 ce
1337 2023 1446 2061 nun,
1476 2024 1527 2065 ge

893 2074 1075 2116 vendroi
1095 2087 1121 2116 a
1134 2074 1197 2116 toi
1213 2084 1315 2123 ποετ,
1328 2075 1368 2117 ἃ
1382 2087 1527 2116 move-

895 2139 957 2182 rai
976 2150 1056 2181 tun
1070 2139 1360 2181 chandelabre
1374 2139 1429 2181 de
1443 2152 1525 2181 sun

894 2203 975 2253 liu,
989 2203 1026 2245 si
1042 2214 1089 2246 tu
1111 2216 1165 2245 ne
1183 2203 1298 2245 faces
1314 2215 1523 2258 penance.

893 2270 952 2323 (6)
983 2270 1079 2312 Mes
1115 2281 1193 2310 ceo
1230 2281 1332 2310 avez
1363 2280 1442 2310 vos
1473 2269 1526 2310 de

894 2335 994 2377 bien
1011 2334 1024 2352 '
1055 2336 1105 2376 ke
1135 2346 1214 2375 vos
1240 2346 1343 2376 avez
1364 2334 1438 2376 hal
1463 2333 1526 2376 les

891 2413 1044 2443 eovres
1057 2413 1104 2442 as
1125 2399 1398 2442 Nicbolaltes
1414 2400 1467 2443 ke
1485 2399 1524 2453 je

892 2465 986 2507 haz.
1010 2465 1063 2519 (7)
1093 2464 1149 2506 Ki
1171 2477 1195 2507 a
1214 2463 1388 2509 oreilles
1415 2470 1527 2509 ason·

890 2531 959 2573 oie
985 2544 1063 2572 ceo
1085 2531 1136 2572 ke
1155 2529 1350 2585 l'Espirit
1366 2530 1454 2572 dist
1479 2543 1526 2572 as

892 2594 1039 2648 iglises
1057 2606 1068 2635 ι
1085 2594 1248 2636 Αεεῑυί
1269 2593 1346 2648 qui
1360 2593 1525 2637 veimra

893 2659 1015 2701 dot-ai
1028 2672 1111 2713 gea
1127 2671 1305 2714 manger
1317 2658 1387 2702 del
1401 2658 1525 2701 arbre
