1910 3158
350 323 455 355 xxvi
735 315 936 356 ΜέΜοιιιΕ
968 323 1049 355 sun
1079 323 1158 356 uzs
1190 326 1290 357 uss.

1014 599 1739 611 ———-—--—„—-

325 628 401 666 81.
427 626 541 665 Saint
564 626 664 664 Jean
690 625 839 663 de'vore
863 624 901 663 le
928 625 977 662 li-

276 699 346 725 vre
374 687 424 724 de
443 686 585 735 l’ange.
623 685 686 732 (X,
722 684 847 733 8-10).
876 705 922 712 ——
946 685 977 722 11

277 753 337 783 est
363 744 487 783 invite
509 745 532 781 ὲ
553 754 732 782 mesurer
757 743 795 780 le
814 744 976 793 temple.

277 805 364 852 (XI,
391 804 480 852 1·2.)
503 830 973 843 .....................
1022 809 1119 853 16(2)
1140 812 1161 847 8
1180 813 1229 857 (3)
1264 811 1365 856 ²4(3)
1387 811 1426 846 31
1576 821 1612 848 vo
1638 812 1680 848 16
1699 814 1736 847 v⁰

321 864 397 902 32.
417 862 674 900 Predication
693 862 764 900 des
790 862 896 899 deux
919 862 981 900 te·
1601 897 1604 901 ,

274 919 407 957 moins
443 919 497 956 du
536 919 735 968 seigneur,
764 909 907 956 Enoch
940 926 980 956 et

275 969 376 1016 Elie.
400 979 484 1027 (XI,
503 978 602 1027 3-7.)
613 1006 972 1017 ................
1022 997 1061 1031 ¹7
1141 989 1162 1024 8
1182 990 1229 1034 (4)
1266 989 1367 1032 24(4)
1391 986 1436 1022 32
1535 1001 1554 1026 2
1639 1000 1679 1035 ¹7

319 1039 395 1076 83.
442 1038 646 1075 Massacre
699 1027 883 1074 d’Enoch
940 1045 979 1075 et

272 1088 415 1136 d’i-ilie.
438 1097 524 1145 (xl,
545 1098 599 1146 7.)
619 1124 972 1136 ................
1022 1106 1120 1150 17(2)
1140 1118 1162 1153 9
1265 1118 1309 1152 27
1390 1105 1432 1140 33
1538 1117 1556 1142 2
1580 1109 1616 1142 νο
1639 1118 1680 1152 17
1700 1108 1738 1142 v·

319 1157 395 1194 34.
424 1155 613 1193 Miracles
626 1156 677 1193 de
698 1155 973 1194 l’Antechrist.
1140 1167 1222 1213 9(2)
1265 1166 1368 1210 ²7(²)
1391 1164 1435 1208 34
1693 1176 1695 1178 -

319 1216 394 1253 35.
412 1214 688 1253 L’Antechrist
699 1215 864 1253 tronant
879 1215 979 1253 dans

273 1274 310 1313 le
328 1274 496 1323 Temple
517 1302 973 1314 ...................
1140 1292 1162 1328 9
1182 1282 1232 1327 (3)
1266 1282 1367 1331 ²7(3)
1391 1282 1432 1317 35

321 1334 397 1371 36.
419 1333 528 1371 Mort
557 1333 606 1371 de
636 1333 908 1371 l‘Antechrist.
935 1356 980 1361 —

276 1382 418 1430 Enoch
437 1401 477 1430 et
500 1382 603 1440 Elie,
622 1392 764 1430 laisses
796 1405 888 1430 sans
917 1395 979 1430 se-

273 1452 434 1501 pulture
452 1464 525 1501 par
543 1452 580 1489 le
592 1452 753 1501 peuple,
769 1460 862 1490 sont
879 1452 982 1490 rani-

386 1583 452 1632 31.
468 1583 585 1617 Boni..
608 1582 652 1617 Et
668 1583 802 1617 levavit
815 1585 972 1628 angelus
991 1595 1147 1619 manum
1163 1595 1272 1620 suam
1296 1587 1335 1620 in
1350 1586 1487 1628 celum,
1503 1593 1538 1621 et
1552 1587 1685 1630 juravit
1736 1616 1745 1625 ,

345 1646 412 1681 per
427 1636 613 1670 viventem
628 1636 666 1670 in
685 1637 824 1677 secula,
852 1637 916 1680 qui
938 1638 1073 1672 creavit
1090 1639 1228 1680 omnia,
1247 1639 1336 1683 quia
1355 1646 1502 1684 tempus
1520 1640 1684 1684 amplius

344 1700 420 1724 non
443 1690 525 1732 erit,
548 1690 719 1724 videlicet
748 1691 787 1725 in
814 1691 945 1725 diebus
981 1692 1082 1726 vocis
1107 1693 1255 1736 septimi
1283 1693 1418 1736 angeli,
1438 1702 1524 1727 cum
1549 1693 1684 1737 ceperit

343 1745 432 1778 tuba
455 1753 601 1784 canere,
629 1745 952 1779 consummabitur
969 1746 1178 1780 misterium
1198 1747 1278 1781 Dei.
1291 1765 1331 1772 —
1351 1759 1368 1778 α
1387 1746 1522 1791 Accipe
1545 1747 1685 1781 librum

343 1806 379 1833 et
395 1799 528 1832 devora
548 1799 669 1832 illum.
691 1811 707 1828 ι»
724 1817 765 1824 -
785 1800 896 1833 Liber
914 1807 1063 1844 apertus
1087 1811 1239 1836 sensum
1258 1801 1468 1836 divinarum
1491 1800 1686 1845 scriptura-

343 1861 428 1885 rum
446 1851 641 1895 significat.
659 1870 699 1876 -·
717 1852 875 1886 Sanctus
889 1853 1098 1887 johannes:
1114 1853 1187 1887 «Et
1203 1854 1311 1888 datus
1325 1860 1380 1889 est
1390 1853 1505 1888 michi
1518 1852 1684 1888 calamus

343 1905 476 1939 similis
490 1905 604 1949 virge,
621 1911 657 1938 et
671 1905 812 1939 dictum
830 1912 886 1939 est
905 1906 1019 1940 michi
1035 1917 1043 1939 :
1060 1918 1077 1938 «
1088 1907 1205 1951 Surge
1219 1914 1254 1941 et
1269 1908 1399 1942 metire
1417 1904 1601 1950 templum
1615 1905 1683 1950 Dei

342 1965 379 1991 et
397 1958 512 1991 altare
534 1964 572 1991 et
589 1958 786 1991 adorantes
807 1959 846 1992 in
866 1968 925 1992 eo.
949 1959 1100 1992 Atrium
1126 1967 1251 1994 autem
1273 1961 1374 2004 quod
1396 1967 1452 1994 est
1476 1959 1567 1993 foris
1595 1965 1684 1994 tem-

342 2011 448 2054 plum
467 2010 544 2044 eice
563 2010 675 2050 foras,
695 2016 731 2044 et
753 2020 799 2044 ne
821 2011 986 2044 metiaris
1004 2011 1111 2053 illud,
1126 2013 1305 2055 quoniam
1336 2013 1465 2046 datum
1489 2018 1546 2046 est
1561 2011 1676 2056 genti-

344 2064 427 2106 bus,
441 2069 477 2097 et
497 2063 683 2097 civitatem
699 2070 866 2097 sanctam
882 2064 1078 2099 calcabunt
1094 2066 1286 2100 mensibus
1301 2077 1347 2099 xz.
1370 2065 1532 2100 duobus.
1561 2077 1577 2094 ι
1657 2070 1660 2075 ’

378 2123 430 2151 Au
447 2122 571 2151 tableau
586 2122 705 2159 unique
721 2121 873 2152 consuere
894 2123 913 2153 ἡ
936 2127 1017 2152 cette
1034 2123 1148 2153 double
1164 2124 1259 2153 scene
1274 2124 1353 2154 dans
1368 2124 1414 2154 les
1433 2121 1623 2153 manuscrits
1642 2121 1681 2152 de

344 2169 374 2198 la
392 2169 547 2207 premiere
566 2169 684 2199 famine
708 2169 959 2208 correspondent
983 2170 1066 2200 deux
1081 2170 1229 2200 tableaux
1255 2171 1334 2200 dans
1351 2171 1382 2200 la
1398 2170 1523 2208 prupurt
1538 2169 1594 2199 de·
1610 2177 1681 2199 mt-

345 2216 482 2246 nuscrits
497 2216 581 2247 dela
605 2217 743 2247 seconde
758 2222 790 2247 et
808 2227 863 2247 sur
880 2218 911 2247 la
927 2217 1122 2256 'rupisset-ie.
1138 2234 1173 2241 -
1194 2219 1281 2248 Dans
1303 2219 1348 2248 les
1374 2217 1566 2248 manuscrits
1593 2217 1632 2247 de
1651 2218 1682 2247 Ιι

345 2262 499 2301 premiere
512 2263 629 2294 famine
644 2264 664 2294 1
666 2272 746 2302 ange
761 2269 809 2294 est
821 2264 901 2294 assis
914 2273 969 2294 sur
980 2273 1024 2294 nn
1038 2273 1151 2303 nuage,
1166 2269 1198 2294 et
1211 2265 1232 2294 1·
1233 2264 1413 2295 arc-en-ciel
1428 2264 1481 2295 est*
1487 2263 1636 2295 κῆνοι-86
1650 2269 1682 2294 et

346 2307 442 2346 dor-43
455 2309 535 2339 dans
555 2311 602 2340 les
618 2311 809 2341 manuscrits
825 2311 863 2342 de
879 2311 909 2341 ln
925 2311 1073 2348 seconde,
1083 2312 1185 2350 l'ange
1201 2316 1249 2341 est
1265 2312 1394 2349 debunt,
1408 2315 1440 2342 et
1458 2311 1685 2348 1⁸,are-en—eiel

347 2357 363 2386 ὲ
377 2357 456 2386 trois
469 2358 626 2394 couleur-s,
640 2367 655 2387 s
656 2359 762 2388 ’onvre
776 2358 946 2388 atu-densus
965 2358 1003 2388 de
1018 2359 1049 2388 la
1061 2359 1124 2388 tete
1142 2358 1183 2388 de
1198 2358 1310 2397 Pange.

382 2404 464 2434 Voir
481 2405 512 2434 la
540 2404 647 2434 notice
667 2405 710 2435 du
731 2405 905 2435 manuscrit
930 2405 968 2435 de
987 2405 1120 2436 Chat-les
1138 2406 1169 2436 V
1194 2409 1225 2435 et
1252 2406 1282 2435 le
1311 2405 1452 2444 chapitre
1484 2404 1594 2465 relatis
1613 2405 1631 2435 ὲ
1657 2405 1688 2435 la

347 2451 540 2488 Tapisserie.
1472 2466 1475 2469 ⁴

385 2499 472 2528 Dans
487 2500 516 2529 le
530 2508 589 2529 ms.
609 2500 634 2529 B
650 2500 688 2529 de
702 2500 746 2530 M.
759 2500 854 2530 Yates
872 2500 1061 2538 ‘rhompson
1078 2499 1208 2538 (f01.34
1221 2501 1278 2538 ψ),
1289 2508 1334 2530 un
1349 2500 1473 2530 tablenu
1497 2508 1516 2530 a
1540 2498 1589 2530 έιὲ
1607 2507 1688 2529 con-

348 2544 436 2574 sacre'
452 2554 491 2574 au
513 2546 638 2576 dernier
657 2552 760 2576 verset
783 2547 825 2576 du
844 2546 984 2584 chapitre
1011 2547 1040 2578 X
1058 2547 1096 2577 de
1109 2547 1350 2586 ΙἫΑροεαΙΥρεε
1376 2547 1450 2578 «Et
1467 2547 1547 2577 dixit
1561 2547 1683 2578 michi.

350 2592 515 2629 quortet
527 2598 558 2622 te
573 2592 689 2623 iterum
702 2594 891 2632 prophetare
901 2594 1048 2632 gentibus
1061 2599 1092 2624 et
1106 2594 1232 2632 populis
1244 2598 1275 2623 et
1287 2593 1405 2632 linguis
1420 2597 1453 2623 et
1465 2593 1592 2633 regibus
1605 2595 1684 2624 mul·

348 2639 420 2668 tis·
425 2640 499 2669 .0n
515 2649 535 2679 y
550 2640 617 2669 voit
630 2641 658 2670 le
675 2639 922 2679 debarquement
936 2642 974 2672 de
990 2642 1073 2672 saint
1088 2643 1177 2678 sena,
1184 2641 1240 2679 qui
1254 2649 1275 2671 n
1277 2641 1391 2671 'attend
1406 2649 1462 2678 pas
1474 2641 1493 2671 i
1508 2642 1574 2671 ἐπε
1590 2649 1682 2672 eom-

349 2686 519 2723 pletement
537 2687 696 2717 descendo
712 2697 768 2718 sur
779 2689 809 2718 le
821 2688 928 2727 rivage
941 2697 1022 2727 pour
1035 2690 1168 2727 precher
1182 2689 1200 2719 ἃ
1215 2696 1279 2718 une
1292 2688 1378 2718 foule
1390 2687 1480 2718 avide
1498 2688 1527 2719 d'
1528 2688 1682 2720 entendre

349 2733 380 2762 la
392 2734 499 2770 parole
515 2734 554 2764 de
573 2735 712 2772 l'.ap6tre
