1910 3158
415 274 475 337 96
739 276 1070 323 L'APOCALYPSE
1099 291 1158 324 EN
1190 290 1409 338 ΡΒΑΝςΑιε

410 403 514 455 fuit,
539 409 705 444 tantum
734 401 835 444 date
863 401 933 444 illi
961 408 1047 443 tor-

413 474 602 509 mentum
618 474 661 509 et
680 468 839 508 luctum
849 480 865 517 ,·
877 466 981 520 quia
1002 465 1046 507 in

413 532 545 574 corde
562 545 640 574 suo
658 532 770 575 dicit
787 546 801 573 .·
819 532 960 574 Sedeo
981 544 1047 573 re-

410 598 533 653 gina,
563 604 608 639 et
627 598 757 641 vidua
782 610 867 640 non
885 610 981 639 sum
1005 603 1049 638 et

413 665 573 705 luctum
587 677 671 705 non
685 662 926 717 videbo.(8)
939 662 1045 704 Ideo

412 728 456 769 in
477 742 563 770 una
587 729 660 771 die
685 728 858 770 venient
877 730 1046 782 plagae

411 793 518 848 ejus,
536 807 654 836 mors
681 800 726 835 et
753 795 894 835 luctus
915 799 959 834 et
964 792 1044 847 fa-

410 871 512 911 mes,
539 866 583 901 et
606 859 709 915 igne
749 858 1042 909 comburetur,

408 926 512 979 quia
532 924 678 980 sortis
714 931 780 966 est
819 925 939 966 Deus
969 922 1046 978 qui

409 988 623 1039 iudicavit
649 989 786 1031 illam.
810 988 868 1044 (9)
888 989 1042 1044 Etfle-

410 1054 515 1095 bunt
540 1061 583 1096 et
601 1056 820 1110 plangent
842 1067 889 1096 se
913 1067 1044 1108 super

409 1119 532 1160 illam
582 1131 709 1174 reges
755 1125 915 1172 terrae,
967 1119 1043 1174 qui

408 1197 505 1224 cum
536 1183 615 1225 illa
626 1183 853 1237 fornicati
872 1191 975 1226 sunt
1001 1190 1046 1226 et

409 1248 453 1290 in
484 1248 656 1290 deliciis
688 1248 906 1301 vixerunt,
946 1262 1043 1291 cum

407 1313 596 1355 viderint
627 1313 808 1369 sumum
849 1314 1040 1356 incendii

408 1378 515 1434 ejus,
565 1378 650 1433 (10)
699 1380 828 1433 longe
875 1385 1040 1420 stantes

399 1451 584 1499 propter
619 1443 818 1485 timorem
855 1450 1039 1485 tormen·

408 1516 551 1551 torum
564 1507 671 1563 ejus,
688 1508 878 1550 dicentes
899 1521 912 1549 .·
934 1509 1037 1560 Vae,

407 1587 484 1616 vae
509 1572 662 1615 civitas
678 1572 759 1614 illa
778 1586 939 1629 magna
956 1574 1041 1615 Ba·

408 1640 556 1694 bylon,
586 1638 739 1680 civitas
768 1638 847 1680 illa
868 1637 1042 1694 fortis;

407 1704 612 1760 quoniam
652 1717 739 1746 una
781 1705 892 1746 hora
927 1705 1046 1746 venit

397 1770 618 1827 judicium
633 1771 778 1812 tuum!

1118 401 1239 452 lices,
1263 412 1353 444 tant
1386 401 1416 443 li
1457 403 1629 445 donnez
1662 413 1753 446 tur-

1119 479 1246 508 menz
1265 468 1305 509 &
1323 467 1461 522 plurs,
1489 482 1572 523 pur
1599 482 1647 511 ce
1667 483 1751 524 que

1118 531 1183 573 ele
1203 531 1289 574 dist
1305 545 1359 574 en
1377 546 1460 575 sun
1484 547 1622 589 queor
1653 548 1664 578 :
1686 535 1751 578 Ge

1119 597 1180 638 sie
1197 597 1211 619 ⁵
1230 610 1402 640 comme
1412 604 1546 642 relne.
1565 601 1633 647 Ne
1648 601 1664 624 ⁸
1683 601 1750 643 sui

1118 675 1195 716 pas
1209 676 1342 705 veove
1362 673 1403 705 et
1425 677 1479 707 ne
1497 665 1637 708 verrai
1658 668 1751 708 mes

1118 727 1252 769 chose
1265 727 1277 750 ⁷
1297 729 1408 770 dunt
1428 742 1479 784 ge
1498 729 1591 772 soie
1615 743 1641 772 a
1660 731 1750 773 mal

1117 806 1202 834 ese.
1245 793 1298 847 (8)
1339 794 1428 835 Pur
1465 806 1542 837 ceo
1573 793 1606 837 li
1643 808 1752 837 ven-

1117 858 1251 900 drunt
1270 871 1340 900 ces
1366 859 1486 914 plaes
1509 872 1564 901 en
1582 873 1645 903 un
1666 859 1747 915 jor,

1116 933 1232 965 mort
1251 923 1291 965 &
1311 923 1412 979 plur
1435 925 1475 966 &
1492 923 1613 979 faim,
1635 926 1675 967 ἃ
1694 938 1750 967 au

1116 989 1188 1030 feu
1209 1002 1304 1030 sera
1322 988 1470 1042 livree,
1493 989 1570 1032 kar
1582 982 1669 1032 fort
1687 1000 1752 1032 est

1115 1053 1147 1095 li
1170 1053 1254 1095 sire
1282 1052 1324 1095 ki
1355 1053 1400 1095 la
1425 1053 1588 1109 jugera.
1617 1047 1752 1109 (9)&

1115 1118 1343 1173 plorerunt
1361 1119 1402 1160 &
1425 1131 1470 1160 se
1495 1118 1752 1174 pleindrunt

1116 1198 1191 1226 sur
1210 1184 1242 1226 li
1271 1184 1338 1226 roi
1377 1185 1431 1226 de
1458 1184 1503 1227 la
1529 1183 1748 1238 terre-[ki]

1116 1263 1196 1292 ove
1216 1250 1247 1291 li
1280 1259 1361 1291 unt
1393 1249 1452 1291 fet
1482 1248 1751 1291 fornicatiun

1115 1317 1155 1356 ἃ
1184 1325 1264 1356 unt
1294 1328 1426 1356 vescu
1445 1314 1459 1336 ⁸
1490 1327 1546 1356 en
1576 1327 1648 1356 ces
1678 1314 1752 1356 de-

1112 1379 1232 1432 lices,
1264 1390 1401 1434 quant
1433 1379 1464 1421 il
1491 1389 1674 1422 verrunt
1708 1379 1750 1420 la

1115 1445 1260 1486 fumee
1285 1444 1338 1485 de
1366 1444 1382 1466 ⁹
1415 1457 1463 1486 sa
1481 1456 1631 1498 arsun,
1660 1443 1745 1498 (ιο)

1115 1511 1154 1551 &
1174 1519 1365 1551 esteront
1385 1509 1437 1551 de
1468 1508 1498 1526 ¹⁰
1521 1508 1645 1564 loing
1666 1521 1749 1563 pur

1114 1575 1157 1616 la
1177 1580 1289 1629 potir
1313 1574 1364 1615 de
1398 1584 1472 1615 ses·
1485 1573 1512 1592 '¹
1532 1576 1746 1625 tormen,

1115 1641 1155 1682 &
1189 1638 1364 1680 dirrunt
1395 1650 1405 1679 :
1443 1638 1566 1690 Alas,
1594 1637 1685 1680 alas
1704 1637 1747 1689 ¹²,

1114 1704 1222 1747 icele
1243 1703 1326 1745 cite
1349 1713 1476 1758 grant
1497 1702 1744 1756 Babiloine‚

1115 1767 1205 1808 cele
1222 1765 1307 1808 cite
1339 1766 1464 1819 forte,
1482 1777 1568 1820 que
1587 1777 1643 1807 en
1661 1777 1750 1807 une

1114 1832 1284 1873 horette
1305 1840 1370 1872 est
1384 1843 1499 1872 venu
1519 1839 1599 1872 tun
1627 1827 1750 1884 juge-

1115 1907 1234 1939 ment
1252 1898 1292 1938 &
1310 1905 1374 1938 est
1393 1893 1603 1937 destruite
1622 1895 1647 1935 ἓν

456 2029 485 2052 1.
504 2017 533 2053 C
550 2023 650 2052 omet
669 2017 760 2061 issez
778 2015 824 2050 de
841 2016 880 2051 li.
902 2034 939 2040 -
963 2024 996 2048 2.
1015 2014 1043 2048 C
1073 2021 1173 2047 omet
1193 2014 1237 2048 δι.
1257 2031 1298 2038 -
1327 2011 1358 2046 3.
1380 2011 1440 2046 BC
1458 1997 1560 2056 seefJ
1575 2029 1617 2052 -,-
1633 2020 1669 2055 4.
1688 2009 1747 2045 BC

405 2070 549 2116 pecche.
565 2090 604 2096 —
620 2071 653 2105 5.
671 2071 700 2103 Β
711 2070 776 2115 J‘eo
794 2069 881 2114 sicat,
904 2068 933 2102 C
966 2067 1130 2113 enjoyez.
1151 2085 1192 2092 —
1213 2065 1247 2101 6.
1277 2067 1305 2099 B
1324 2065 1370 2106 E,
1400 2066 1429 2100 C
1454 2065 1498 2110 je
1516 2074 1575 2099 ne.
1598 2082 1639 2088 —
1661 2064 1695 2107 7'.
1718 2062 1749 2096 C

411 2131 511 2159 omet
529 2124 646 2159 chose.
668 2141 711 2150 -
725 2122 763 2158 8.
785 2122 845 2156 BC
859 2121 995 2165 vesqui.

410 2189 482 2213 ses.
509 2196 549 2203 —
581 2187 634 2211 12.
655 2177 715 2211 BC
732 2185 843 2220 gway
859 2184 987 2220 gway.

1070 2120 1279 2166 9.Ce.—
1310 2129 1364 2153 ιο.
1394 2114 1746 2153 Bcen.-1x.1³c

459 2298 605 2334 Gnosz.
628 2296 713 2333 Ceo
733 2305 811 2343 que
849 2294 887 2332 la
920 2292 1011 2331 voiz
1042 2300 1247 2330 amoneste
1262 2291 1300 2329 le
1318 2289 1462 2340 poeple
1477 2289 1564 2326 Deu
1579 2285 1671 2325 issir
1697 2286 1748 2324 de

415 2355 638 2406 Babyloine
667 2353 833 2403 signefie
863 2365 940 2402 que
978 2351 1106 2390 seinte
1127 2350 1362 2399 Escripture
1399 2360 1475 2386 nus
1505 2346 1677 2396 preeehe
1712 2346 1750 2383 ἀ

414 2423 620 2453 amoneste
640 2425 718 2463 que
744 2425 820 2451 nos
840 2424 890 2450 ne
912 2411 1163 2450 conformum
1188 2418 1327 2448 nostre
1346 2408 1409 2447 vie
1427 2419 1479 2445 ne
1504 2418 1582 2444 noz
1607 2417 1749 2445 eovres

415 2486 438 2511 a
456 2474 495 2512 la
513 2469 629 2523 gram
648 2471 903 2510 multitudine
924 2471 978 2508 du
999 2470 1160 2507 munde.
1183 2469 1268 2506 Ceo
1287 2479 1365 2517 que
1383 2466 1444 2505 ele
1469 2465 1550 2504 dist
1574 2476 1652 2515 que
1671 2463 1750 2503 l'en

414 2531 443 2570 li
463 2533 585 2570 duble
606 2532 721 2570 selun
734 2543 800 2569 ces
821 2531 832 2549 ¹
849 2541 990 2569 eovres
1010 2527 1175 2578 signefie
1190 2538 1268 2576 que
1279 2526 1307 2563 li
1322 2525 1401 2563 ami
1419 2525 1566 2563 Nostre
1578 2524 1751 2574 Seignur

417 2592 487 2641 qui
503 2591 539 2629 ei
560 2601 653 2629 sunt
678 2590 878 2629 tormente
897 2601 947 2628 en
967 2600 1059 2627 cors
1079 2589 1264 2637 jugerum
1290 2596 1384 2622 ceus
1404 2584 1473 2633 qui
1493 2583 1551 2621 les
1570 2592 1749 2638 tormen·

416 2659 547 2689 terent
567 2651 604 2688 &
634 2649 830 2688 livrerunt
855 2660 878 2686 a
907 2655 1082 2687 torment
1113 2646 1162 2684 de
1194 2655 1285 2682 cors
1314 2643 1351 2681 &
1381 2642 1430 2680 de
1460 2642 1584 2690 alme,'
1611 2649 1656 2680 et·
1673 2648 1751 2691 por

419 2710 565 2760 peinne
576 2709 625 2747 de
645 2720 725 2746 une
744 2708 901 2746 horette
916 2707 944 2745 'a
962 2706 1081 2756 peine
1099 2701 1340 2755 perdurable
1358 2701 1385 2739 ².
1402 2701 1488 2739 Ceo
1508 2713 1586 2750 que
1604 2700 1644 2738 la
1661 2698 1749 2739 voiz
