1910 3158
363 291 391 338 6
695 290 1034 336 L'APOCALYPSE
1065 304 1123 335 EN
1156 303 1377 348 rung-„ms

1070 414 1123 454 de
1138 412 1206 454 vie
1221 413 1272 455 ke
1287 423 1352 455 est
1369 426 1423 454 en
1440 418 1582 469 parals
1598 426 1706 456 mun

1070 478 1185 519 Deu.

409 596 438 618 ι.
458 585 517 619 BC
534 564 678 618 escreit.
700 601 741 609 —
765 593 801 617 2.
826 584 855 616 B
875 593 932 624 να,
945 584 974 617 C
995 587 1061 616 set.
1081 601 1123 608 —
1142 582 1174 616 3.
1197 583 1256 616 BC
1275 593 1295 617 e
1314 583 1429 618 labar.
1446 594 1530 628 —4.
1549 584 1578 618 C
1592 594 1705 618 maus.

361 657 400 663 —
419 649 457 680 4.
484 637 543 670 BC
564 637 645 670 mie.
664 654 704 662 -
719 636 751 670 5.
771 636 800 669 B
815 636 948 676 cham,
970 635 998 670 C
1016 636 1115 670 cheu.
1134 654 1172 661 —
1187 634 1306 670 6.·BC
1321 637 1420 672 eles.
1442 654 1481 662 -
1495 648 1530 682 7.
1546 637 1605 672 BC
1622 637 1707 673 Mes

362 695 439 724 cest
457 699 545 734 avez
563 699 627 723 vus
637 700 711 734 pur
729 699 802 724 ceo.

408 816 492 852 Ceo
511 815 562 852 ke
580 815 730 853 Nostre
752 814 840 852 Sire
861 815 1102 852 commanda
1119 814 1216 863 qu’il
1231 818 1376 853 escreit
1391 815 1430 852 al
1451 826 1624 864 evesque
1639 816 1706 853 del

362 875 476 924 iglise
504 886 582 924 pur
610 875 669 911 les
697 873 888 923 pecchiez
918 886 970 911 au
993 874 1114 923 pople
1147 874 1314 924 signefie
1339 885 1420 924 que
1441 875 1590 914 Nostre
1617 875 1706 913 Sire

361 935 608 972 demandera
626 934 697 972 des
716 934 851 982 prelaz
873 934 931 972 les
949 946 1058 972 ames
1078 946 1122 972 as
1142 935 1152 951 ¹
1168 946 1327 984 suggez.
1348 935 1427 972 Par
1439 934 1453 952 ²
1466 946 1512 973 ce
1531 934 1628 984 qu’il
1646 935 1706 973 les

362 995 425 1033 loe
444 995 494 1032 de
511 994 575 1032 lur
593 994 740 1032 labour
758 994 795 1031 ἃ
809 994 938 1031 delur
958 994 1166 1043 pacienee,
1183 1006 1260 1032 nus
1281 1003 1445 1033 sumunt
1458 994 1487 1032 il
1506 1006 1586 1046 que
1602 995 1616 1016 ⁸
1629 1006 1707 1033 nus

360 1066 587 1104 prengnum
606 1053 798 1102 esample.
816 1053 900 1091 Ceo
921 1053 1018 1102 qu'il
1036 1054 1093 1091 les
1114 1062 1277 1103 reprent
1297 1053 1394 1103 qu’il
1414 1062 1487 1093 unt
1505 1054 1633 1104 perdu
1645 1054 1710 1093 lut·

361 1113 514 1152 charite
547 1112 644 1162 qu'il
672 1112 832 1150 avaient
870 1122 990 1151 avant
1022 1112 1188 1162 signefie
1223 1125 1296 1151 ceo
1335 1113 1385 1151 ke
1413 1113 1597 1164 l’apostle
1628 1113 1709 1156 dist

362 1173 466 1211 seint
482 1173 557 1210 Pol
574 1188 581 1209 :
601 1187 617 1207 α
635 1172 678 1210 Si
692 1184 740 1222 ge
756 1172 817 1210 aie
832 1181 919 1215 tant
939 1173 988 1210 de
1008 1172 1065 1210 foi
1086 1173 1135 1211 ke
1152 1185 1201 1222 ge
1218 1185 1356 1211 remue
1376 1173 1434 1212 les
1454 1173 1709 1223 muntaignes

362 1233 412 1270 de
423 1232 480 1269 liu
493 1244 543 1269 en
557 1240 670 1270 autre
691 1243 712 1269 e
733 1231 832 1269 livre
847 1244 945 1269 mun
956 1243 1047 1270 cors
1066 1244 1088 1269 a
1102 1232 1233 1280 arder,
1253 1244 1348 1270 sanz
1363 1244 1436 1270 ceo
1450 1232 1500 1270 ke
1519 1245 1567 1282 ge
1579 1244 1629 1270 ne
1647 1231 1709 1270 aie

362 1291 529 1338 charite,
552 1291 638 1328 rien
658 1302 709 1328 ne
727 1291 742 1313 ⁴
764 1300 860 1328 vaut
879 1291 904 1328 ⁵.
926 1305 942 1325 n
966 1290 1023 1328 Ce
1044 1290 1140 1339 qu’il
1159 1291 1198 1328 le
1219 1303 1385 1330 manace
1408 1292 1458 1330 de
1481 1302 1649 1330 mouver
1670 1291 1709 1330 le

362 1350 602 1388 candelabre
620 1349 681 1387 s'il
695 1361 746 1387 ne
765 1350 899 1387 facent
912 1361 1106 1399 penance,
1126 1349 1292 1399 signefie
1308 1350 1373 1396 ke,
1394 1350 1455 1388 s’il
1471 1362 1522 1388 ne
1537 1351 1709 1388 s’amen·

362 1411 472 1457 dent,
491 1410 520 1447 il
538 1410 602 1447 lur
620 1410 768 1448 toudra
785 1409 844 1447 les
857 1421 996 1458 graces
1018 1409 1115 1458 qu’il
1135 1418 1220 1449 unt.
1235 1409 1319 1447 Ceo
1331 1409 1428 1458 qu’il
1448 1409 1507 1447 dit
1523 1421 1532 1447 :
1555 1424 1573 1445 α
1592 1409 1662 1459 qui
1683 1422 1706 1448 a

362 1469 524 1506 oreilles
536 1480 558 1506 a
569 1472 631 1505 οῑι·
646 1484 681 1515 »,
703 1468 870 1517 signefie
886 1480 960 1506 ceo
975 1468 1025 1506 ke
1040 1469 1188 1507 Nostre
1200 1466 1373 1518 Seig'nur
1389 1468 1449 1507 dit
1461 1480 1512 1506 en
1525 1468 1704 1515 l'euvan-

362 1528 440 1577 gile
461 1539 471 1565 :
495 1543 511 1563 «
531 1528 616 1565 Ceo
641 1527 691 1565 ke
717 1539 764 1576 ge
785 1527 850 1565 die
863 1527 878 1549 ⁶
893 1539 916 1564 a
930 1539 986 1564 un
1001 1539 1048 1577 ge
1069 1527 1110 1565 di
1134 1539 1156 1565 a
1170 1536 1252 1565 tuz.
1271 1541 1289 1562 n
1307 1527 1391 1565 Ceo
1412 1527 1509 1582 qufil
1528 1529 1594 1565 lut
1610 1539 1707 1577 por-

361 1588 468 1625 met⁷
483 1588 532 1625 de
551 1598 717 1635 manger
738 1587 804 1624 del
824 1587 941 1624 arbre
965 1587 1015 1624 de
1041 1586 1104 1624 vie
1130 1586 1288 1636 signifie
1314 1586 1411 1636 qu’il
1434 1586 1502 1624 lur
1528 1587 1651 1626 don-a
1668 1587 1707 1626 le

362 1646 457 1684 fruit
473 1647 522 1684 de
543 1647 582 1683 la
598 1645 721 1694 croiz,
742 1658 813 1683 ceo
834 1655 893 1684 est
911 1647 930 1684 J
936 1657 1008 1693 esu
1025 1645 1133 1684 Crist
1152 1658 1203 1684 en
1218 1646 1258 1683 la
1276 1645 1404 1695 gloire
1421 1657 1498 1684 sun
1516 1657 1625 1696 pere.

408 1757 437 1779 ι.
458 1746 486 1778 Β
505 1746 534 1779 C
552 1746 608 1780 de.
630 1765 671 1770 —-
689 1756 721 1779 2.
738 1746 766 1778 B
786 1746 815 1779 C
835 1757 919 1790 pur.
936 1765 979 1771 —
996 1746 1029 1780 3.
1050 1747 1079 1780 C
1096 1743 1351 1780 emissomunt
1365 1745 1421 1779 ke.
1439 1764 1482 1770 —
1501 1755 1537 1789 4.
1562 1746 1591 1779 B
1612 1746 1707 1782 C'ne

362 1809 433 1833 me.
454 1818 494 1824 ——
517 1799 548 1834 5.
575 1799 700 1834 ICon.
724 1810 801 1840 1111,
822 1809 855 1842 2,
870 1799 902 1833 3.
926 1817 966 1825 -
986 1798 1059 1834 6.B
1079 1800 1129 1841 di,
1147 1800 1176 1833 C
1198 1799 1265 1844 dy.
1288 1818 1330 1824 —
1349 1809 1382 1842 7.
1398 1799 1426 1832 B
1441 1799 1633 1842 Cpromet.

417 1917 495 1970 (11,
515 1918 554 1970 8)
577 1918 640 1958 Et
663 1919 823 1972 angelo
843 1917 1000 1972 Smyr·
1129 1918 1205 1971 (11,
1223 1916 1268 1971 8)
1305 1918 1361 1958 Et
1397 1918 1438 1958 al
1474 1917 1614 1972 yglise
1651 1907 1706 1959 'de

362 1994 443 2022 nae
457 1982 665 2023 ecclesiae
680 1982 824 2023 scribe
841 1995 856 2022 .·
869 1982 999 2023 Haec
1073 1982 1264 2024 Smirme
1284 1982 1504 2024 escrivezt
1529 1983 1624 2025 Ceo
1643 1981 1707 2024 dit

361 2046 471 2088 dicit
478 2047 651 2101 primus
666 2054 710 2089 et
721 2048 991 2099 novissimus,
1070 2047 1127 2088 cil
1156 2047 1232 2101 qui
1272 2059 1336 2089 est
1364 2048 1394 2088 li
1427 2047 1637 2103 premiers
1664 2049 1706 2089 &

361 2112 436 2166 qui
453 2112 555 2167 fuit
573 2119 770 2153 mortuus
795 2119 838 2154 et
856 2112 963 2154 vivit
981 2126 994 2153 .-
1067 2112 1099 2152 li
1147 2113 1321 2154 derains
1354 2113 1382 2165 ¹,
1432 2124 1708 2155 commanee·

363 2177 432 2231 (9)
495 2177 599 2218 Scio
669 2177 995 2219 tribulationem
1069 2191 1189 2222 ment
1211 2182 1251 2222 &
1270 2180 1347 2229 fin,
1371 2181 1414 2222 ki
1434 2181 1480 2221 fu
1516 2193 1638 2221 morz
1662 2181 1702 2221 ἃ

363 2249 480 2283 tuam
493 2249 537 2283 et
542 2249 845 2297 paupertatem
855 2249 999 2293 tuam;
1071 2246 1134 2286 vit
1156 2258 1166 2287 ε
1200 2246 1256 2300 (9)
1285 2246 1307 2287 J
1313 2259 1335 2286 e
1367 2245 1429 2287 sai
1457 2256 1602 2286 vostre
1628 2245 1707 2286 tri-

362 2308 440 2348 sed
455 2307 575 2349 dives
593 2321 651 2358 es,
675 2315 718 2349 et
735 2308 1000 2361 blasphema·
1072 2310 1272 2352 bulatiun
1292 2312 1332 2351 &
1350 2320 1494 2351 vostre
1506 2319 1705 2364 poverte;

363 2371 427 2411 ris
440 2373 494 2413 ab
514 2372 582 2412 his
599 2372 676 2426 qui
691 2385 738 2413 se
759 2373 911 2414 dicunt
922 2374 998 2414 Ju-
1071 2376 1163 2416 mes
1185 2375 1326 2415 riches
1353 2385 1478 2423 estes,
1500 2375 1539 2416 &
1557 2373 1587 2415 li
1612 2374 1707 2416 faus

361 2436 493 2477 daeos
506 2450 612 2489 esse,
628 2443 672 2478 et
684 2451 769 2478 non
787 2445 901 2489 sunt,
921 2438 999 2480 sed
1069 2439 1091 2479 J
1097 2439 1166 2480 uif
1182 2451 1261 2480 vos
1294 2449 1539 2494 ranponent
1557 2439 1585 2479 ².
1623 2439 1706 2494 (ιο)

360 2508 464 2542 sunt
506 2515 741 2556 synagoga
788 2504 994 2545 Satanae.
1072 2503 1168 2544 Mes
1183 2517 1236 2544 ne
1257 2517 1331 2544 aez
1351 2509 1464 2557 poiir
1484 2504 1537 2544 de
1557 2516 1635 2545 ceo
1656 2496 1708 2545 ke

364 2565 448 2618 (ιο)
483 2566 615 2608 Nihil
652 2569 808 2608 horum
845 2568 998 2610 timeas
1070 2578 1117 2609 tu
1141 2581 1186 2608 es
1206 2581 1230 2608 a
1250 2568 1378 2609 sofrir
1406 2568 1419 2589 ³
1437 2582 1448 2620 ;
1470 2569 1510 2609 &
1529 2568 1560 2609 li
1580 2568 1595 2591 ⁴
1613 2569 1708 2610 di‘a—

362 2643 472 2683 quae
478 2643 694 2683 passurus
707 2632 887 2673 es.Ecce
900 2633 997 2674 mis·
1070 2633 1140 2673 ble
1170 2632 1259 2673 fera
1286 2642 1438 2673 mettre
1461 2646 1629 2674 aucuns
1651 2633 1705 2674 de

362 2707 492 2735 surus
517 2702 583 2736 est
598 2695 799 2738 diabolus
827 2697 997 2750 aliquos
1069 2711 1148 2738 vos
1187 2711 1241 2738 en
1283 2697 1453 2739 chartre
1506 2711 1590 2752 pur
1626 2711 1706 2739 vos
