1910 3158
383 248 441 294 30
713 244 1043 292 L’APOCALYPSE
1073 260 1131 292 EN
1163 261 1383 307 FRANQAIS

381 371 410 405 C
430 369 486 404 de.
503 387 546 395 —
564 380 596 414 7.
621 369 743 403 Mieux
762 369 820 402 BC
844 369 877 402 le
897 368 1012 411 espec.
1033 386 1075 394 —
1092 369 1126 404 8.
1148 370 1206 404 BC
1229 371 1386 416 defaute.
1409 389 1451 398 —
1469 382 1504 417 9.
1527 371 1586 406 BC
1607 374 1710 405 mort.

381 441 418 449 —-
443 433 496 457 10.
518 423 577 456 BC
599 422 767 466 gulosite.

436 548 509 601 (VI
518 580 528 599 ,
542 546 584 601 9)
593 546 758 587 Etcum
771 545 1013 600 aperuisset

378 613 575 667 sigillum
589 611 798 666 quintum,
811 610 902 652 vidi
912 611 1011 652 sub-

381 685 448 719 tus
480 679 622 718 altare
661 675 830 719 animas
873 676 1009 718 inter-

366 747 594 801 fectorum
620 752 805 801 propter
834 745 1009 786 verbum

376 811 463 853 Dei
498 819 540 853 et
585 818 771 866 propter
818 810 1009 852 testimo-

378 877 509 928 nium,
530 876 646 931 quod
664 875 899 927 habebant;
921 875 1010 929 (10)

378 948 420 982 et
454 942 701 982 clamabant
727 954 828 983 voce
850 941 1010 995 magna

377 1006 604 1048 dicentes:
638 1007 881 1061 Usquequo,
916 1006 1009 1046 Do-

375 1071 490 1112 mine
554 1078 729 1112 sanctus
775 1078 818 1112 et
865 1083 1005 1122 verus,

377 1149 463 1177 non
490 1135 672 1191 judicas
691 1142 733 1177 et
756 1148 841 1177 non
871 1134 1011 1177 vindi-

377 1215 451 1243 cas
465 1201 723 1257 sanguinem
742 1207 938 1242 nostrum
956 1201 1010 1241 de

379 1266 448 1319 iis,
468 1267 543 1321 qui
569 1266 769 1307 habitant
788 1266 831 1306 in
852 1264 1010 1306 terra?

375 1332 468 1385 (11)
503 1331 567 1372 Et
598 1330 727 1372 datae
773 1337 875 1371 sunt
919 1329 1010 1370 illis

375 1395 579 1451 singulae
610 1396 749 1436 stolae
782 1394 922 1443 albae,
969 1401 1012 1435 et

377 1460 540 1502 dictum
559 1466 624 1501 est
641 1459 733 1501 illis
750 1467 799 1501 ut
821 1458 1010 1514 requies-

377 1532 525 1566 cerent
551 1524 691 1566 adhuc
724 1531 886 1578 tempus
918 1536 1010 1564 mo-

377 1590 534 1640 dicum,
556 1590 692 1630 donec
711 1590 1011 1643 compleantur

377 1655 575 1696 conservi
605 1667 756 1696 eorum
774 1661 818 1695 et
831 1655 1012 1709 fratres

1138 547 1251 602 (Fol.
1278 562 1309 604 9
1331 557 1396 602 v⁰;
1417 549 1494 602 VI,
1518 549 1558 604 9)
1586 549 1710 591 Tur.

1083 612 1140 653 Et
1178 623 1313 667 quant
1356 613 1387 655 il
1425 625 1469 656 ot
1508 624 1630 656 overt
1673 613 1713 655 le

1082 677 1208 732 quint
1248 678 1351 728 seel,
1390 679 1457 733 jeo
1495 679 1539 720 vi
1581 680 1715 720 desuz

1081 743 1225 784 l'autel
1244 743 1307 785 les
1329 757 1493 786 ammes
1522 757 1600 787 aus
1622 744 1714 786 ocis

1081 821 1163 863 por
1189 809 1230 850 la
1259 809 1407 863 parole
1428 809 1541 868 Dien
1564 810 1614 852 '&
1632 823 1714 865 por

1081 873 1130 914 le
1141 873 1383 928 tesmoigne
1397 873 1504 928 qu'il
1521 873 1712 930 aveient3
1739 920 1742 923 Δ

1084 939 1165 993 (10)
1212 940 1251 980 &
1297 939 1482 980 crierent
1522 952 1546 980 a
1591 949 1716 994 grant

1081 1005 1216 1046 voiz:
1258 1004 1351 1046 Sire
1386 1004 1499 1046 Dieu
1533 1003 1652 1055 seinz
1692 1017 1714 1046 e

1081 1069 1235 1122 verais,
1280 1070 1442 1124 desque
1499 1067 1524 1110 εἰ
1579 1077 1716 1124 quant

1082 1134 1254 1175 soufrez
1295 1147 1372 1175 vos
1405 1146 1490 1189 que
1531 1147 1611 1175 vos
1661 1146 1715 1175 ne

1081 1212 1243 1254 vengez
1265 1210 1412 1240 nostre
1427 1211 1530 1241 sanc
1547 1200 1599 1240 de
1613 1212 1715 1241 ceus

1082 1266 1158 1320 qui
1179 1265 1376 1306 habitent
1396 1278 1450 1306 en
1469 1266 1608 1307 tetre?
1626 1264 1714 1319 (11)

1082 1331 1122 1371 ἃ
1150 1331 1235 1371 l'en
1256 1331 1403 1371 donne
1419 1330 1430 1347 ¹
1447 1343 1478 1371 a·
1497 1329 1715 1370 chascune

1081 1407 1167 1435 une
1183 1394 1317 1435 estole
1333 1392 1716 1443 blaunche‚&1our

1082 1458 1167 1500 dist
1185 1471 1239 1499 en
1259 1458 1273 1475 ²
1293 1458 1400 1513 qu'il
1417 1471 1461 1499 se
1480 1458 1494 1480 ³
1512 1469 1716 1513 reposent

1083 1536 1245 1565 uncore
1266 1537 1326 1564 un
1344 1523 1418 1577 poi
1430 1524 1482 1564 de
1496 1534 1606 1576 tens,
1623 1520 1714 1565 de's-

1082 1601 1167 1642 que
1187 1588 1228 1629 le
1255 1589 1440 1629 numbre
1465 1582 1550 1630 'seit
1581 1588 1714 1643 empli

1083 1654 1136 1694 de
1165 1653 1236 1694 lur
1267 1652 1400 1702 freres
1432 1667 1518 1708 que
1555 1664 1657 1704 sunt
1689 1667 1713 1695 a

378 1733 528 1762 eorum
592 1719 668 1774 qui
717 1718 1013 1775 interficiendi
1083 1717 1222 1759 ocirre
1237 1731 1339 1759 cum
1358 1718 1405 1760 il.

375 1792 479 1827 sunt
494 1784 610 1826 sicut
624 1790 668 1825 et
686 1783 774 1825 illi.

423 1906 453 1929 1.
477 1896 505 1929 C
523 1895 630 1929 dona.
649 1913 690 1919 —
714 1904 746 1928 2.
771 1895 798 1928 B
815 1895 928 1937 home,
950 1895 979 1928 C
1001 1904 1021 1927 e
1041 1894 1099 1928 lur
1115 1898 1170 1928 est
1185 1895 1398 1938 (au-dessus
1421 1894 1465 1928 de
1490 1894 1525 1928 la
1545 1894 1645 1939 ligne
1658 1901 1715 1938 vest

379 1946 502 1992 ajout&
523 1947 595 1982 dist
610 1949 718 1982 d‘une
732 1946 887 1992 ecriture
905 1947 1156 1992 pos'terieure).
1169 1967 1209 1973 —
1225 1947 1257 1981 3.
1273 1949 1331 1982 BC
1349 1954 1526 1982 omettent
1541 1957 1592 1995 qe.

426 2072 576 2109 GLosn.
612 2073 692 2110 Par
721 2066 942 2111 l'autel'est
970 2072 1135 2122 signefie'
1155 2073 1193 2110 18
1223 2072 1319 2110 char
1348 2073 1444 2111 Jesu
1473 2072 1595 2112 Crist,
1619 2071 1714 2114 ,Ceo

380 2131 476 2179 qu’il
496 2139 584 2169 veet
608 2131 667 2169 les
688 2143 838 2169 ammes
857 2132 979 2169 desuz
1007 2131 1142 2169 l'autel
1175 2132 1340 2181 signefie
1369 2143 1447 2180 que
1478 2131 1536 2169 les
1564 2142 1714 2176 ammes

379 2202 431 2226 au
451 2190 461 2207 ¹
483 2190 607 2238 seinz,
622 2199 710 2235 tant
725 2203 816 2229 cum
831 2191 888 2228 les
908 2202 999 2228 cors
1020 2199 1112 2229 sunt
1131 2203 1182 2228 en
1199 2200 1303 2229 terre
1320 2191 1345 2238 ²,
1363 2198 1484 2229 veent
1493 2189 1589 2236 Jesu
1606 2188 1732 2242 Crist-

379 2261 431 2286 en
450 2249 545 2286 char
563 2249 773 2300 glorefiee3
796 2258 835 2288 et
863 2261 935 2288 ceo
967 2259 1027 2287 est
1052 2250 1205 2288 l’estole
1237 2249 1407 2287 blanche
1437 2259 1523 2299 que¹
1543 2248 1634 2296 lqur
1654 2257 1715 2286 est

376 2309 552 2359 donne&
574 2309 658 2346 Ceo
690 2320 768 2357 que
800 2309 881 2347 eles
910 2308 1038 2346 crient
1070 2321 1092 2346 a
1120 2317 1236 2358 grant
1265 2308 1355 2346 voiz
1381 2308 1479 2357 qu‘il
1505 2298 1563 2346 les
1589 2319 1714 2357 venge

381 2367 547 2416 signefie
571 2367 608 2405 le
639 2367 882 2417 grant.desir
902 2367 999 2416 qu’il
1024 2376 1096 2406 unt
1116 2367 1181 2405 del
1201 2368 1405 2417 jugement
1421 2378 1498 2416 por
1515 2365 1555 2404 la
1580 2378 1714 2404 resur-

382 2425 539 2463 rectiun
555 2426 604 2463 de
623 2425 688 2464 lur
706 2421 797 2464 eors
818 2438 868 2464 en
888 2425 957 2475 qui
976 2425 1004 2463 il
1025 2434 1189 2463 averont
1208 2425 1349 2463 l’autre
1368 2425 1508 2474 estole,
1520 2433 1559 2463 et
1579 2428 1729 2463 seront'

383 2483 466 2520 lors
496 2496 564 2521 sur
583 2479 732 2532 l'au'tel‚
761 2497 832 2523 ceo
852 2493 913 2522 est
932 2497 954 2522 a
986 2484 1071 2522 dire
1105 2484 1200 2532 qu’il
1230 2492 1396 2522 averont
1423 2483 1461 2521 la
1490 2483 1713 2532 pleineco-

384 2554 604 2590 gnessance
631 2544 681 2581 de
701 2544 740 2580 la
766 2545 871 2581 deite
896 2545 991 2581 Jesu
1023 2543 1143 2591 Crist,
1167 2544 1203 2580 ὅ(
1235 2543 1341 2580 donc
1367 2540 1462 2580 'sera
1493 2543 1557 2579 lur
1585 2542 1714 2592 gloire

386 2601 573 2648 double'e,
590 2602 662 2639 kar
681 2603 709 2640 il
729 2611 870 2641 seront
885 2602 1051 2652 glorefie
1076 2614 1127 2640 en
1146 2614 1236 2639 cors
1258 2603 1295 2640 &
1313 2613 1364 2639 en
1384 2602 1504 2640 alme.
1531 2602 1615 2640 Ceo
1631 2613 1713 2651 ‚que

386 2658 463 2696 l'en
482 2659 573 2697 lour
591 2660 786 2710 distvqu’il
816 2674 857 2700 se
889 2671 1078 2711 reposent
1095 2673 1160 2702 *un
1185 2673 1268 2710 pou
1298 2662 1348 2700 de
1379 2670 1468 2700 tens
1497 2661 1650 2710 desque
1674 2660 1715 2698 le

1877 2844 1909 2881 η
