1910 3158
422 298 436 330 ι
449 297 472 329 2
751 281 1080 327 L’APOCALYPSE
1111 292 1167 324 EN
1200 291 1419 335 remens

413 407 503 450 Sed
515 407 645 449 habes
651 418 794 461 pauca
808 403 982 446 nomina
1002 402 1047 444 in

413 472 588 523 Sardis,
607 471 683 526 qui
699 484 783 512 non
801 469 1049 524 inquinave-

415 546 519 581 runt
535 538 785 580 vestimenta
797 550 891 588 sua,
908 543 952 578 et
961 549 1048 577 am-

415 604 626 645 bulabunt
650 614 814 644 mecum
845 600 890 643 in
916 600 1042 651 albis,

413 669 517 724 quia
532 667 660 724 digni
676 673 791 710 sunt.
812 666 865 721 (5)
885 665 972 717 Qui
979 665 1049 707 .νὶ-

413 730 537 782 eerit,
573 730 639 772 sic
674 729 882 771 vestietur
917 728 1047 770 vesti-

415 794 569 836 mentis
587 794 713 846 albis,
731 801 775 836 et
788 807 873 836 non
894 793 1049 835 delebo

414 872 566 901 nomen
595 858 688 900 eius
709 859 764 900 de
783 858 898 900 libro
917 858 1045 909 vitae,

415 931 457 966 et
489 924 731 980 confitebor
767 936 920 965 nomen
955 922 1049 965 eius

414 1003 563 1031 coram
578 990 715 1031 Patre
734 1001 826 1031 meo
846 996 888 1031 et
900 1001 1048 1030 coram

413 1054 585 1109 angelis
604 1053 710 1108 ejus.
741 1053 794 1108 (6)
817 1053 904 1104 Qui
923 1053 1052 1095 habet

414 1132 579 1171 aurem,
601 1118 757 1160 audiat
779 1118 885 1173 quid
908 1117 1050 1173 Spiri-

416 1191 485 1226 tus
503 1184 624 1226 dicat
643 1183 851 1226 ecclesiis.

1119 414 1198 443 vos
1217 402 1231 423 ⁵
1250 415 1303 443 ne
1322 401 1337 424 ⁸
1356 413 1527 443 saverez
1556 409 1662 442 mot.
1690 399 1747 455 (4)

1121 467 1218 508 Mes
1237 479 1298 508 un
1318 466 1392 521 poi
1418 465 1432 507 i
1466 479 1491 508 a
1521 478 1575 507 en
1604 474 1749 507 vostre

1119 531 1258 587 yglise
1277 531 1354 586 qui
1367 533 1382 556 '¹
1399 532 1523 573 n'unt
1538 530 1625 572 mie
1645 542 1751 571 sou-

1117 597 1175 638 lie
1212 596 1283 638 lur
1322 607 1576 645 vestement‚
1609 597 1649 638 ἃ
1693 593 1750 636 cil

1117 660 1258 703 irront
1282 674 1363 702 ove
1395 660 1484 703 moi
1515 674 1569 703 en
1598 661 1748 713 aubes,

1120 727 1196 768 kar
1225 725 1256 767 il
1290 736 1392 768 sunt
1420 725 1566 780 digne.
1597 726 1658 780 (5)
1693 725 1749 768 Κί

1118 790 1365 844 veintra‚isi
1386 804 1481 836 sera
1506 791 1538 834 il
1552 801 1677 834 vestu
1696 792 1750 834 de

1120 857 1248 898 blanc
1277 866 1532 908 vestement,
1553 857 1594 898 ἃ
1611 869 1665 911 ge
1695 869 1750 906 ne

1120 921 1277 979 ostexjai
1313 934 1389 975 pas
1424 934 1508 963 sun
1551 933 1644 963 nun
1679 920 1750 963 del

1119 987 1227 1029 livre
1247 987 1301 1028 de
1319 986 1404 1036 vie,
1426 995 1467 1028 et
1486 998 1538 1040 ge
1557 985 1597 1027 le
1616 985 1753 1028 loerai

1120 1053 1279 1094 devant
1322 1065 1429 1093 mun
1468 1045 1568 1106 pere
1606 1051 1647 1092 ἀ
1684 1062 1752 1091 ses

1121 1117 1310 1172 angeles.
1333 1117 1390 1171 (6)
1422 1115 1513 1167 Qui
1534 1128 1560 1157 a
1578 1114 1753 1158 oreilles

1121 1183 1174 1223 de
1203 1187 1271 1223 oir
1302 1181 1372 1223 oie
1393 1182 1444 1222 ke
1469 1179 1666 1236 l'Espirit
1686 1178 1750 1239 dit

1123 1259 1169 1288 as
1190 1246 1346 1301 eglises
1365 1246 1393 1289 ⁸.

462 1363 491 1387 ι.
512 1351 541 1386 C
563 1358 662 1386 omet
681 1351 741 1386 del
750 1351 894 1397 yglise.
910 1369 949 1378 -
970 1361 1002 1387 2.
1023 1352 1052 1386 C
1079 1355 1282 1386 muntaunt.
1303 1370 1343 1379 -
1372 1351 1404 1386 3.
1426 1352 1454 1385 B
1472 1361 1574 1386 eume
1594 1351 1702 1393 leret,
1721 1351 1750 1385 C

415 1415 491 1440 com
512 1406 598 1439 lere.
619 1424 659 1430 —
678 1415 712 1448 4.
735 1406 764 1439 C
781 1405 837 1439 ke.
855 1424 897 1431 —
917 1405 950 1439 5.
971 1405 1000 1439 C
1021 1412 1121 1440 omet
1138 1415 1211 1440 vos.
1230 1423 1256 1430 -
1282 1403 1316 1439 6.
1336 1405 1364 1438 B
1381 1405 1474 1439 n'en.
1495 1415 1582 1449 ——7.
1600 1404 1630 1439 C
1648 1404 1692 1438 ke
1710 1403 1749 1437 it.

413 1477 456 1484 —
469 1459 503 1493 8.
523 1459 652 1515 Verset
670 1458 766 1492 omis
783 1459 875 1492 dans
893 1458 966 1492 BC.

465 1572 543 1609 Par
556 1582 651 1608 ceus
666 1582 743 1619 que
757 1579 831 1608 unt
843 1570 853 1587 ¹
869 1582 951 1608 nun
965 1571 1015 1608 de
1029 1571 1135 1608 bone
1149 1571 1212 1608 vie
1224 1571 1259 1608 δι
1285 1579 1379 1608 sunt
1393 1575 1503 1608 moi-z
1518 1578 1612 1608 sunt
1625 1569 1752 1619 signe·

417 1631 467 1668 fie
493 1630 522 1668 li
540 1630 722 1680 ypocrite
742 1641 820 1679 que
845 1638 919 1668 unt
942 1629 1005 1670 les‘
1029 1641 1170 1668 eovres
1195 1630 1245 1668 de
1274 1629 1442 1668 seintete
1464 1630 1500 1669 ἀ
1518 1628 1753 1667 l’ententiun

417 1701 616 1727 mauvese.
650 1689 729 1726 Ces
753 1700 919 1726 manace
945 1688 972 1726 il
991 1689 1005 1706 ²
1024 1688 1120 1738 qu‘il
1145 1689 1297 1727 vendra
1318 1701 1340 1726 a
1367 1700 1438 1727 eus
1464 1699 1620 1727 comme
1650 1687 1754 1725 lerre

417 1749 454 1786 &
471 1749 617 1786 toudra
637 1748 696 1786 les
715 1747 831 1786 biens
852 1747 947 1797 qu’il
967 1757 1042 1786 unt
1061 1749 1098 1786 ἃ
1127 1748 1279 1786 oseirra
1305 1748 1354 1786 de
1380 1756 1486 1785 mort
1512 1745 1754 1796 pnrdurable

417 1807 450 1845 si
478 1807 507 1845 il
534 1819 584 1845 ne
609 1806 773 1845 veillent
795 1818 846 1845 en
865 1806 929 1844 lur
948 1819 1088 1845 eovres
1108 1819 1181 1857 par
1205 1807 1336 1845 droite
1357 1805 1578 1845 ententiun.
1601 1805 1664 1843 Cin
1686 1804 1755 1854 qui

417 1867 531 1905 n’unt
548 1867 613 1904 lur
630 1878 722 1904 cors
742 1866 872 1904 soulie
890 1878 964 1915 par
983 1866 1124 1904 luxure
1151 1879 1201 1904 ne
1230 1866 1295 1904 lur
1318 1878 1457 1904 eovres
1476 1877 1550 1915 par
1568 1875 1755 1913 mauvese

416 1925 639 1971 ementiun,
661 1926 724 1962 lur
743 1937 834 1963 cors
855 1934 994 1964 serunt
1012 1925 1115 1963 clers
1135 1937 1210 1963 ove
1232 1926 1327 1963 Jesu
1348 1925 1457 1963 Crist
1476 1925 1513 1962 δι
1528 1924 1593 1962 lur-
1611 1934 1755 1962 eovres

419 1986 529 2023 beles
549 1996 599 2022 en
622 1985 661 2022 la
680 1984 933 2034 compaignie
959 1985 979 2022 J
986 1996 1057 2022 esu
1077 1984 1199 2031 crist,
1220 1993 1260 2022 et
1291 1984 1356 2022 lur
1385 1995 1469 2021 nun
1494 1994 1545 2022 ne
1571 1994 1660 2021 sera
1682 1993 1755 2031 pas

418 2044 506 2082 oste'
525 2044 590 2081 del
616 2043 715 2081 livre
735 2044 785 2081 de
805 2044 881 2082 vie.
902 2044 986 2081 Ceo
1006 2052 1068 2081 est
1087 2043 1150 2081 lut·
1169 2043 1230 2080 los
1251 2044 1300 2081 de
1321 2043 1408 2080 Deu
1435 2055 1456 2080 e
1478 2043 1543 2080 lut
1559 2043 1573 2064 ³
1592 2052 1755 2091 guerre-

417 2104 501 2140 don
528 2102 785 2152 pardurable‚
807 2102 840 2140 si
872 2114 1030 2140 comme
1056 2103 1114 2140 les
1140 2114 1281 2140 eovres
1314 2114 1357 2140 as
1385 2101 1588 2152 ypocrites
1620 2108 1756 2139 serent

418 2162 603 2210 effacees,
623 2162 695 2199 kar
714 2161 741 2199 il
760 2161 1004 2200 resemblent
1023 2161 1061 2198 la
1081 2161 1193 2199 fause
1212 2161 1326 2200 lettre
1346 2161 1396 2199 ke
1416 2161 1495 2199 l'en
1513 2168 1575 2198 ret
1593 2160 1616 2196 ⁴.

464 2273 493 2296 ι.
522 2262 582 2296 BC
603 2262 768 2305 aioutent
795 2263 839 2295 le.
860 2280 900 2286 -
922 2271 956 2295 2.
977 2262 1005 2294 B
1025 2271 1204 2304 manaces,
1224 2262 1253 2296 C
1282 2262 1335 2295 les
1363 2269 1527 2295 menaees
1549 2267 1611 2293 ceo
1628 2260 1695 2292 est.
1718 2277 1755 2283 —

421 2315 457 2350 3.
479 2316 538 2350 BC
561 2321 740 2350 omettent
762 2315 832 2348 lur.
851 2333 894 2340 —
911 2324 944 2358 4.
963 2315 992 2348 B
1011 2319 1097 2355 rest,
1119 2315 1148 2348 C
1168 2315 1307 2349 housle.

474 2435 574 2488 (ΙΙΙ,
597 2436 636 2490 7)
646 2436 711 2477 Et
726 2436 884 2490 angelo
906 2434 1055 2475 Phila-

420 2499 619 2553 delphicae
638 2502 847 2542 ecclesiae
876 2499 1019 2541 scribe
1039 2512 1053 2540 .·

426 2565 550 2606 Haec
567 2565 678 2606 dicit
703 2572 880 2606 sanctus
915 2571 959 2607 et
986 2577 1055 2606 ve-

423 2643 512 2681 rus,
541 2631 616 2684 qui
634 2630 764 2671 habet
781 2631 943 2671 clavem
962 2631 1055 2671 Da·-

421 2694 507 2745 vid,
548 2695 624 2749 qui
657 2695 803 2748 aperit
844 2701 887 2736 et
930 2707 1052 2736 nemo

1181 2434 1283 2488 (ΙΙΙ,
1301 2434 1342 2489 7)
1356 2433 1413 2475 Et
1432 2432 1473 2474 al
1494 2433 1669 2473 esveske
1687 2431 1757 2472 del

1125 2498 1263 2552 yglise
1289 2498 1341 2538 de
1364 2495 1606 2538 Philadelfe
1625 2495 1758 2537 escri-

1125 2576 1203 2604 vez
1235 2575 1246 2604 t
1277 2562 1368 2604 Ceo
1391 2561 1455 2602 dit
1472 2561 1503 2602 li
1532 2560 1645 2602 seint
1665 2561 1705 2602 Gt
1726 2559 1757 2600 li

1125 2627 1242 2669 verai
1264 2627 1306 2668 ki
1326 2640 1349 2667 a
1369 2626 1410 2667 la
1429 2625 1519 2666 clef
1536 2625 1662 2676 Davi,
1680 2624 1757 2678 qui

1125 2705 1253 2735 eovre
1266 2693 1305 2733 ἃ
1316 2691 1394 2732 nul
1410 2703 1463 2731 ne
1475 2690 1578 2739 dot,
1591 2691 1631 2731 &
1645 2690 1656 2708 ¹
1667 2689 1759 2730 clot
