1910 3158
402 303 598 337 CCXLVIII
659 305 737 337 LES
768 304 984 337 VERSIONS
1014 305 1073 337 RN
1104 305 1240 340 PRosss
1270 306 1519 352 FRANQMSE

449 414 494 462 (1,
518 415 549 463 1)
575 414 681 453 C‘est
699 414 738 452 ln
754 413 974 452 revelation
990 414 1001 432 ¹
1021 414 1071 454 de
1090 414 1188 455 Jesu
1205 415 1315 456 Crist
1332 428 1411 467 que
1426 418 1515 456 Deu
1533 418 1690 470 lepere,
1701 420 1730 463 ii

401 479 536 518 donna
553 490 630 531 por
656 479 739 518 fere
764 478 946 517 assavoir
972 491 996 518 a
1017 491 1081 519 ses
1107 480 1258 530 serjans
1282 493 1388 532 quex
1416 483 1560 522 choses
1587 493 1680 525 sont
1704 497 1729 524 n

399 543 537 583 avenir
562 555 673 582 assez
699 551 801 591 tost;
827 552 867 583 et
883 543 913 582 il
931 543 971 582 la
991 543 1141 583 senefia
1158 554 1199 585 et
1213 545 1383 589 l‘envoia
1399 559 1472 598 par
1491 559 1566 587 son
1585 560 1686 602 ange
1704 562 1729 603 ⁸.

394 608 414 646 J
419 607 526 646 ohan
547 619 622 646 son
642 607 805 657 serjant,
825 607 875 656 (2)
890 608 960 658 qui
978 616 1093 658 porte
1111 609 1313 660 tesmoing
1331 622 1354 649 n
1371 604 1566 663 lnwparole
1579 604 1666 652 Dein
1686 622 1727 667 et

395 680 511 722 porte
527 672 564 710 le
577 671 779 721 tesmoing
793 672 844 711 de
861 672 881 710 J
886 683 956 710 esu
975 669 1082 711 Crist
1101 684 1143 711 es
1163 673 1306 712 choses
1325 686 1403 725 que
1419 674 1530 715 irvit.
1544 676 1597 726 (3)
1611 675 1723 716 Cheli

397 743 457 773 est
474 735 652 774 beneure
671 734 742 785 qui
759 734 817 774 oit
834 734 894 774 les
912 735 1072 786 paroles
1091 736 1141 775 de
1160 736 1199 775 la
1215 737 1433 787 prophecie
1451 740 1502 780 de
1520 748 1606 781 cest
1624 739 1724 782 livre

395 807 434 836 et
454 798 523 848 qui
543 799 664 848 garde
689 799 747 838 les
775 799 918 838 choses
947 800 1017 850 qui
1041 799 1055 838 i
1087 809 1180 839 sont
1204 801 1382 841 escrites.
1416 803 1474 843 L‘e
1496 808 1631 857 temps
1662 815 1724 846 est

394 865 500 913 pres,
525 863 855 904 certainnetnent.
885 865 935 915 (4)
960 864 1093 903 Johan
1114 877 1158 904 as
1177 874 1265 915 sept
1287 867 1432 917 eglises
1459 868 1529 919 qui
1555 870 1659 911 sont·
1672 883 1723 911 en

395 929 488 977 Ase,
505 939 623 978 grace
648 928 728 967 soit
743 941 767 966 a
784 941 858 967 vos
877 938 917 968 et
935 929 1023 979 peiz
1041 930 1092 968 de
1111 942 1184 980 par
1201 931 1278 970 celi
1297 931 1367 981 qui
1387 939 1504 974 est->et
1521 935 1591 985 qui
1607 936 1727 976 estoit

394 1001 432 1031 et
455 992 525 1043 qui
554 1002 614 1032 est
642 1005 665 1031 a
689 993 816 1042 venir,
837 1002 877 1033 et
900 995 949 1033 de
981 1006 1053 1044 par
1076 994 1136 1034 les
1161 1005 1249 1046 sept
1272 997 1429 1046 esperiz
1449 998 1523 1048 qui
1552 1008 1646 1042 sont
1672 1011 1726 1040 eu

392 1065 525 1106 regart
550 1059 601 1096 de
626 1070 701 1096 son
732 1058 892 1106 throne,
915 1060 964 1109 (5)
991 1067 1030 1098 et
1050 1060 1100 1098 de
1130 1071 1204 1110 par
1225 1061 1322 1100 Jesu
1341 1062 1449 1103 erist
1466 1063 1536 1114 qui
1561 1073 1623 1105 est
1645 1065 1724 1105 lea!

391 1122 606 1173 tesmoing‚
626 1123 664 1161 le
683 1123 857 1174 premier
876 1125 1078 1175 engendre
1097 1125 1168 1164 des
1193 1135 1304 1165 mort
1324 1135 1363 1167 et
1381 1128 1520 1178 prince
1539 1129 1610 1169 des
1630 1141 1725 1182 roys

392 1187 442 1224 de
461 1186 500 1224 la
523 1194 642 1231 terre,
661 1187 731 1238 qui
749 1200 825 1226 nos
845 1200 934 1227 ama
950 1197 989 1228 et
1008 1200 1083 1228 nos
1107 1190 1196 1229 lava
1215 1191 1265 1230 de
1285 1203 1360 1230 nos
1385 1192 1552 1244 pechiez
1571 1205 1621 1234 en
1648 1207 1724 1234 son

393 1262 502 1298 sanc,
525 1251 574 1300 (6)
595 1259 635 1290 et
653 1263 729 1290 nos
747 1252 813 1291 fist
831 1264 980 1303 rengne
999 1262 1038 1293 et
1056 1264 1231 1304 prestres
1256 1267 1279 1294 a
1300 1257 1388 1295 Deu
1413 1269 1489 1296 son
1506 1268 1616 1308 pere.
1635 1261 1672 1299 A
1693 1259 1723 1299 li

393 1315 472 1354 soit
489 1315 616 1365 gloire
635 1324 675 1355 et
708 1327 870 1366 empyre
901 1329 951 1356 en
971 1317 1092 1357 siecle
1122 1320 1193 1358 des
1225 1319 1382 1360 siecles.
1405 1322 1547 1362 Amen.
1563 1324 1625 1362 'Ce
1645 1325 1725 1364 soit

393 1379 462 1418 fet.
491 1380 541 1430 (7)
560 1380 643 1418 Vez
662 1380 699 1418 ci
715 1391 724 1417 ε
743 1381 839 1419 Jesu
853 1376 966 1421 'Crist
985 1382 1095 1421 vient
1114 1394 1139 1420 o
1161 1383 1220 1421 les
1247 1395 1362 1432 nues,
1384 1394 1423 1424 et
1440 1386 1478 1425 le
1495 1398 1612 1426 verra
1634 1396 1725 1428 tout

389 1445 468 1493 eui,
490 1453 529 1483 et
548 1457 643 1484 ceus
667 1445 736 1495 qui
762 1446 799 1484 le
824 1446 1030 1495 pointrent
1049 1447 1064 1465 ⁸
1081 1459 1103 1486 e
1123 1459 1165 1486 se
1185 1448 1419 1498 plaindront
1444 1462 1512 1489 sus
1535 1448 1565 1490 li
1589 1459 1723 1492 tontes

389 1510 448 1548 les
465 1510 617 1559 ligne'es
635 1511 686 1548 de
702 1510 742 1549 la
758 1518 879 1560 terre,
894 1511 1022 1550 eciam
1034 1512 1061 1550 ³.
1077 1513 1219 1553 Amen.
1235 1514 1389 1562 Certes,
1410 1515 1507 1554 c’est
1521 1515 1658 1556 verite.
1672 1517 1722 1566 (8)

389 1575 409 1612 J
414 1586 435 1612 e
455 1574 518 1612 sui
543 1584 888 1614 commencement
907 1585 946 1615 et
964 1576 1034 1624 fin,
1055 1588 1101 1614 ce
1118 1577 1199 1616 dist
1218 1579 1364 1617 Nostre
1384 1571 1554 1629 Segnur,
1573 1581 1643 1630 qui
1663 1591 1724 1622 est

389 1646 428 1677 et
445 1638 514 1688 qui
534 1638 655 1678 estoit
673 1647 713 1678 et
738 1639 808 1689 qui
827 1648 888 1679 est
907 1652 931 1678 a
953 1641 1066 1680 venir
1085 1650 1175 1681 tout
1192 1642 1389 1691 puissant.
1412 1645 1461 1694 (9)
1481 1645 1556 1694 [J]e
1573 1645 1719 1698 soban,

388 1713 522 1743 vostre
544 1704 648 1742 frere
664 1712 704 1743 et
721 1705 992 1754 parchonnier
1016 1718 1066 1744 en
1091 1706 1329 1746 tribulation
1346 1720 1368 1747 e
1391 1720 1442 1747 en
1461 1721 1583 1759 regne
1607 1718 1648 1750 et
1669 1724 1719 1752 en

386 1768 577 1818 pacience
606 1780 657 1807 en
675 1769 770 1807 Jesu
791 1769 910 1818 Crist,
931 1770 974 1809 fu
998 1782 1050 1809 en
1072 1771 1173 1810 l'isle
1193 1772 1262 1822 qui
1287 1781 1348 1812 est
1366 1774 1503 1824 apelee
1526 1775 1718 1816 Pathum

385 1844 462 1882 por
479 1831 518 1870 la
533 1832 673 1882 parole
691 1833 778 1870 Deu
791 1841 831 1872 et
848 1845 925 1883 por
939 1833 977 1872 le
992 1835 1194 1885 tesmoing
1210 1836 1261 1874 de
1272 1836 1410 1877 Jhesu.
1421 1837 1441 1876 J
1445 1849 1466 1876 e
1480 1838 1522 1876 fu
1536 1849 1588 1877 en
1603 1851 1720 1890 espe-

386 1896 439 1935 rit
459 1897 598 1946 unior
621 1897 672 1935 de
699 1897 948 1947 dicmenche,
971 1906 1011 1938 et
1035 1902 1076 1937 oi
1095 1902 1252 1950 empres
1270 1913 1365 1951 moy
1389 1913 1469 1941 une
1493 1911 1611 1953 grant
1627 1904 1718 1945 voiz

386 1961 473 1999 ausi
486 1973 644 2000 comme
657 1962 707 2000 de
727 1963 873 2002 buzine
888 1964 920 2012 (1
932 1965 964 2013 1)
981 1963 1138 2004 disante
1157 1977 1166 2003 ι
1187 1965 1301 2004 Escri
1317 1965 1391 2005 che
1411 1955 1490 2016 qiic
1506 1976 1551 2007 tu
1567 1969 1654 2010 veiz
1666 1982 1719 2017 en

383 2025 496 2073 livre,
517 2034 557 2065 et
575 2026 745 2066 l’envoie
762 2039 785 2065 a
800 2028 882 2077 .vij.
903 2028 1048 2078 eglises
1069 2041 1080 2066 ε
1104 2041 1127 2067 a
1147 2030 1320 2078 Ephese,
1340 2041 1363 2068 a
1382 2030 1568 2081 Smirme,
1582 2045 1605 2072 a
1626 2035 1718 2075 Per·

382 2100 512 2139 game,
539 2102 563 2127 a
581 2090 789 2140 Thyatire,
809 2103 832 2130 a
861 2092 1012 2139 Sardis,
1033 2103 1056 2130 a
1085 2093 1374 2144 Phyladelphie
1399 2104 1439 2135 et
1457 2108 1480 2134 a
1500 2098 1710 2139 Laodicie.

385 2154 459 2203 (12)
480 2154 513 2191 E
532 2154 569 2203 je
595 2166 658 2193 mc
681 2155 814 2194 tornai
839 2167 915 2206 por
930 2156 1019 2194 voir
1036 2156 1075 2194 la
1093 2157 1182 2195 voiz
1203 2158 1272 2207 qui
1290 2159 1439 2208 parloit
1457 2172 1481 2198 a
1499 2173 1608 2212 moy,
1618 2160 1662 2201 'et
1678 2163 1715 2213 je

380 2230 460 2269 voy
477 2219 558 2268 ‚vij.
582 2219 834 2258 chandeliers
851 2220 952 2268 d'or,
974 2221 1049 2270 (13)
1068 2229 1108 2260 et
1127 2233 1178 2260 en
1196 2224 1328 2262 meleu
1345 2225 1417 2263 des
1433 2225 1514 2275 .vij.
1536 2226 1712 2267 chande-

377 2284 472 2323 liers
491 2285 579 2324 d'or
609 2298 665 2325 un
696 2286 895 2326 semblent
926 2299 950 2325 a
973 2286 1024 2326 fiz
1045 2288 1219 2335 d'onme,
1239 2298 1355 2330 vestu
1382 2290 1432 2329 de
1466 2291 1587 2331 blanc
1615 2305 1711 2343 por-

422 2480 434 2504 ι
443 2495 451 2504 .
467 2470 563 2505 C'est
573 2472 609 2506 la
622 2472 726 2506 seule
739 2473 886 2508 version
899 2473 949 2508 οὺ
967 2484 985 2507 ι
998 2473 1240 2519 Apocalypsis
1254 2487 1272 2507 ιο
1292 2485 1339 2510 ne
1356 2477 1427 2511 soit
1442 2487 1509 2521 pas
1524 2479 1711 2524 conserve,

379 2523 451 2557 soit
463 2533 550 2558 sous
566 2524 684 2559 forme
702 2525 828 2568 latine,
844 2526 918 2560 soit
933 2536 1021 2562 sous
1039 2527 1158 2563 forme
1176 2527 1371 2564 francisce.

416 2587 448 2611 2.
462 2578 562 2611 Nous
573 2589 685 2613 avons
696 2579 778 2623 dciii
794 2581 991 2616 rencontrev
999 2588 1092 2616 cette
1107 2582 1314 2617 traduction
1329 2583 1373 2618 de
1386 2595 1404 2616 κ
1419 2594 1656 2630 pupugerunt
1670 2595 1708 2629 »ς

374 2630 456 2663 voir
472 2640 507 2673 p.
527 2641 694 2673 ccxxxm,
714 2633 784 2667 col.
814 2643 846 2668 ι.

419 2681 450 2716 3.
467 2682 570 2718 Cette
581 2684 726 2718 version
741 2692 796 2720 est
816 2686 850 2721 la
864 2687 966 2722 seule
982 2687 1045 2732 qui
1063 2687 1113 2723 ait
1128 2689 1301 2724 conserve
1320 2690 1354 2724 le
1367 2689 1457 2726 latin
1475 2702 1493 2725 α
1509 2692 1621 2728 etiam
1635 2705 1665 2727 ι.
