<?xml version="1.0" encoding="UTF-8"?>
<!DOCTYPE html PUBLIC "-//W3C//DTD XHTML 1.0 Transitional//EN"
    "http://www.w3.org/TR/xhtml1/DTD/xhtml1-transitional.dtd">
<html xmlns="http://www.w3.org/1999/xhtml" xml:lang="en" lang="en">
 <head>
  <title>
</title>
<meta http-equiv="Content-Type" content="text/html;charset=utf-8" />
  <meta name='ocr-system' content='tesseract 3.04.00' />
  <meta name='ocr-capabilities' content='ocr_page ocr_carea ocr_par ocr_line ocrx_word'/>
</head>
<body>
  <div class='ocr_page' id='page_1' title='image "./lapocalypseenfra00deliuoft_0323.png"; bbox 0 0 1910 3158; ppageno 0'>
   <div class='ocr_carea' id='block_1_1' title="bbox 155 287 1505 607">
    <p class='ocr_par' dir='ltr' id='par_1_1' title="bbox 155 287 1505 607">
     <span class='ocr_line' id='line_1_1' title="bbox 155 287 1505 607; baseline 0 2551"><span class='ocrx_word' id='word_1_1' title='bbox 155 287 1505 607; x_wconf 95' lang='lat' dir='ltr'><strong><em> </em></strong></span> 
     </span>
    </p>
   </div>
   <div class='ocr_carea' id='block_1_2' title="bbox 236 943 1425 1015">
    <p class='ocr_par' dir='ltr' id='par_1_2' title="bbox 236 943 1425 1015">
     <span class='ocr_line' id='line_1_2' title="bbox 236 943 1425 1015; baseline 0.003 -3"><span class='ocrx_word' id='word_1_2' title='bbox 236 943 826 1014; x_wconf 88' lang='lat' dir='ltr'><strong>APOCALIPSIS</strong></span> <span class='ocrx_word' id='word_1_3' title='bbox 876 943 1173 1015; x_wconf 86' lang='lat' dir='ltr'>CRISTI</span> <span class='ocrx_word' id='word_1_4' title='bbox 1220 946 1254 1015; x_wconf 92' lang='lat' dir='ltr'>J</span> <span class='ocrx_word' id='word_1_5' title='bbox 1261 946 1425 1015; x_wconf 88' lang='lat' dir='ltr'><strong><em>ESU</em></strong></span> 
     </span>
    </p>
   </div>
   <div class='ocr_carea' id='block_1_3' title="bbox 161 1395 819 2542">
    <p class='ocr_par' dir='ltr' id='par_1_3' title="bbox 161 1395 819 2542">
     <span class='ocr_line' id='line_1_3' title="bbox 223 1395 799 1452; baseline -0.002 -13"><span class='ocrx_word' id='word_1_6' title='bbox 223 1395 276 1450; x_wconf 82' lang='lat'><strong><em>(1,</em></strong></span> <span class='ocrx_word' id='word_1_7' title='bbox 312 1395 353 1451; x_wconf 85' lang='lat'><strong><em>9)</em></strong></span> <span class='ocrx_word' id='word_1_8' title='bbox 413 1396 515 1452; x_wconf 81' lang='lat' dir='ltr'><strong><em>Ego</em></strong></span> <span class='ocrx_word' id='word_1_9' title='bbox 562 1397 799 1447; x_wconf 76' lang='lat' dir='ltr'><strong><em>Iohannes,</em></strong></span> 
     </span>
     <span class='ocr_line' id='line_1_4' title="bbox 169 1460 802 1517; baseline 0.002 -15"><span class='ocrx_word' id='word_1_10' title='bbox 169 1460 316 1510; x_wconf 71' lang='lat' dir='ltr'><strong><em>frater</em></strong></span> <span class='ocrx_word' id='word_1_11' title='bbox 344 1467 485 1503; x_wconf 76' lang='lat' dir='ltr'><strong><em>vester</em></strong></span> <span class='ocrx_word' id='word_1_12' title='bbox 512 1467 556 1503; x_wconf 82' lang='lat' dir='ltr'><strong><em>et</em></strong></span> <span class='ocrx_word' id='word_1_13' title='bbox 576 1462 802 1517; x_wconf 79' lang='lat' dir='ltr'><strong><em>particeps</em></strong></span> 
     </span>
     <span class='ocr_line' id='line_1_5' title="bbox 173 1525 805 1582; baseline 0.002 -15"><span class='ocrx_word' id='word_1_14' title='bbox 173 1525 217 1569; x_wconf 77' lang='lat' dir='ltr'><strong><em>in</em></strong></span> <span class='ocrx_word' id='word_1_15' title='bbox 236 1525 519 1568; x_wconf 76' lang='lat' dir='ltr'><strong><em>tribulatione</em></strong></span> <span class='ocrx_word' id='word_1_16' title='bbox 543 1533 587 1568; x_wconf 86' lang='lat' dir='ltr'><strong><em>et</em></strong></span> <span class='ocrx_word' id='word_1_17' title='bbox 607 1540 744 1582; x_wconf 82' lang='lat' dir='ltr'><strong><em>regno</em></strong></span> <span class='ocrx_word' id='word_1_18' title='bbox 761 1534 805 1569; x_wconf 88' lang='lat' dir='ltr'><strong><em>et</em></strong></span> 
     </span>
     <span class='ocr_line' id='line_1_6' title="bbox 163 1591 798 1648; baseline -0.002 -13"><span class='ocrx_word' id='word_1_19' title='bbox 163 1591 381 1648; x_wconf 73' lang='lat' dir='ltr'><strong><em>patientia</em></strong></span> <span class='ocrx_word' id='word_1_20' title='bbox 408 1591 452 1633; x_wconf 82' lang='lat' dir='ltr'><strong><em>in</em></strong></span> <span class='ocrx_word' id='word_1_21' title='bbox 480 1591 656 1634; x_wconf 79' lang='lat' dir='ltr'><strong><em>christo</em></strong></span> <span class='ocrx_word' id='word_1_22' title='bbox 681 1593 798 1644; x_wconf 85' lang='lat' dir='ltr'><strong><em>Jesu,</em></strong></span> 
     </span>
     <span class='ocr_line' id='line_1_7' title="bbox 161 1656 803 1712; baseline -0.002 -13"><span class='ocrx_word' id='word_1_23' title='bbox 161 1656 245 1712; x_wconf 77' lang='lat' dir='ltr'><strong><em>sm&#39;</em></strong></span> <span class='ocrx_word' id='word_1_24' title='bbox 262 1657 307 1699; x_wconf 77' lang='lat' dir='ltr'><strong><em>in</em></strong></span> <span class='ocrx_word' id='word_1_25' title='bbox 327 1658 471 1700; x_wconf 78' lang='lat' dir='ltr'><strong><em>insula</em></strong></span> <span class='ocrx_word' id='word_1_26' title='bbox 491 1669 590 1712; x_wconf 80' lang='lat' dir='ltr'><strong><em>quoe</em></strong></span> <span class='ocrx_word' id='word_1_27' title='bbox 616 1658 803 1711; x_wconf 80' lang='lat' dir='ltr'><strong><em>appella-</em></strong></span> 
     </span>
     <span class='ocr_line' id='line_1_8' title="bbox 177 1722 804 1777; baseline -0.003 -12"><span class='ocrx_word' id='word_1_28' title='bbox 177 1728 251 1765; x_wconf 75' lang='lat' dir='ltr'><strong><em>tur</em></strong></span> <span class='ocrx_word' id='word_1_29' title='bbox 269 1722 480 1764; x_wconf 78' lang='lat' dir='ltr'><strong><em>Pathmos</em></strong></span> <span class='ocrx_word' id='word_1_30' title='bbox 496 1729 681 1777; x_wconf 76' lang='lat' dir='ltr'><strong><em>propter</em></strong></span> <span class='ocrx_word' id='word_1_31' title='bbox 711 1735 804 1764; x_wconf 82' lang='lat' dir='ltr'><strong><em>ver-</em></strong></span> 
     </span>
     <span class='ocr_line' id='line_1_9' title="bbox 178 1786 804 1830; baseline -0.003 0"><span class='ocrx_word' id='word_1_32' title='bbox 178 1786 277 1830; x_wconf 77' lang='lat' dir='ltr'><strong><em>bum</em></strong></span> <span class='ocrx_word' id='word_1_33' title='bbox 310 1786 397 1829; x_wconf 82' lang='lat' dir='ltr'><strong><em>Dei</em></strong></span> <span class='ocrx_word' id='word_1_34' title='bbox 438 1794 482 1830; x_wconf 84' lang='lat' dir='ltr'><strong><em>et</em></strong></span> <span class='ocrx_word' id='word_1_35' title='bbox 515 1787 804 1829; x_wconf 79' lang='lat' dir='ltr'><strong><em>testimonium</em></strong></span> 
     </span>
     <span class='ocr_line' id='line_1_10' title="bbox 176 1851 806 1907; baseline -0.003 -13"><span class='ocrx_word' id='word_1_36' title='bbox 176 1851 296 1894; x_wconf 79' lang='lat' dir='ltr'><strong><em>Iesu.</em></strong></span> <span class='ocrx_word' id='word_1_37' title='bbox 330 1852 416 1906; x_wconf 86' lang='grc' dir='ltr'><strong>(ιο)</strong></span> <span class='ocrx_word' id='word_1_38' title='bbox 452 1852 541 1894; x_wconf 77' lang='lat' dir='ltr'><strong><em>Fui</em></strong></span> <span class='ocrx_word' id='word_1_39' title='bbox 573 1852 617 1893; x_wconf 82' lang='lat' dir='ltr'><strong><em>in</em></strong></span> <span class='ocrx_word' id='word_1_40' title='bbox 646 1851 806 1907; x_wconf 77' lang='lat' dir='ltr'><em>spiritu</em></span> 
     </span>
     <span class='ocr_line' id='line_1_11' title="bbox 181 1915 811 1968; baseline -0.003 -9"><span class='ocrx_word' id='word_1_41' title='bbox 181 1916 225 1959; x_wconf 73' lang='lat' dir='ltr'><strong><em>in</em></strong></span> <span class='ocrx_word' id='word_1_42' title='bbox 250 1916 468 1959; x_wconf 75' lang='lat' dir='ltr'><strong><em>dominica</em></strong></span> <span class='ocrx_word' id='word_1_43' title='bbox 489 1916 574 1968; x_wconf 83' lang='lat' dir='ltr'><strong><em>die,</em></strong></span> <span class='ocrx_word' id='word_1_44' title='bbox 598 1923 642 1958; x_wconf 82' lang='lat' dir='ltr'><strong><em>et</em></strong></span> <span class='ocrx_word' id='word_1_45' title='bbox 663 1915 811 1958; x_wconf 79' lang='lat' dir='ltr'><strong><em>audivi</em></strong></span> 
     </span>
     <span class='ocr_line' id='line_1_12' title="bbox 172 1987 806 2038; baseline -0.003 -14"><span class='ocrx_word' id='word_1_46' title='bbox 172 1987 279 2038; x_wconf 73' lang='lat' dir='ltr'><strong><em>post</em></strong></span> <span class='ocrx_word' id='word_1_47' title='bbox 311 1994 379 2024; x_wconf 82' lang='lat' dir='ltr'><strong><em>me</em></strong></span> <span class='ocrx_word' id='word_1_48' title='bbox 414 1995 558 2024; x_wconf 78' lang='lat' dir='ltr'><strong><em>vocem</em></strong></span> <span class='ocrx_word' id='word_1_49' title='bbox 590 1993 806 2037; x_wconf 74' lang='lat' dir='ltr'><strong><em>mag-nam,</em></strong></span> 
     </span>
     <span class='ocr_line' id='line_1_13' title="bbox 182 2045 812 2102; baseline -0.005 -13"><span class='ocrx_word' id='word_1_50' title='bbox 182 2053 386 2102; x_wconf 78' lang='lat' dir='ltr'><strong><em>tanquam</em></strong></span> <span class='ocrx_word' id='word_1_51' title='bbox 408 2046 548 2095; x_wconf 81' lang='lat' dir='ltr'><strong><em>tubae,</em></strong></span> <span class='ocrx_word' id='word_1_52' title='bbox 565 2046 600 2101; x_wconf 82' lang='lat'><strong><em>(1</em></strong></span> <span class='ocrx_word' id='word_1_53' title='bbox 616 2046 649 2100; x_wconf 84' lang='grc' dir='ltr'><strong><em>ι)</em></strong></span> <span class='ocrx_word' id='word_1_54' title='bbox 671 2045 812 2087; x_wconf 81' lang='lat' dir='ltr'><strong><em>dicen·</em></strong></span> 
     </span>
     <span class='ocr_line' id='line_1_14' title="bbox 183 2109 812 2163; baseline -0.006 -9"><span class='ocrx_word' id='word_1_55' title='bbox 183 2110 239 2154; x_wconf 77' lang='lat' dir='ltr'><strong><em>tis</em></strong></span> <span class='ocrx_word' id='word_1_56' title='bbox 265 2125 278 2153; x_wconf 89' lang='lat'><em>:</em></span> <span class='ocrx_word' id='word_1_57' title='bbox 301 2111 429 2163; x_wconf 82' lang='lat' dir='ltr'><strong><em>Quod</em></strong></span> <span class='ocrx_word' id='word_1_58' title='bbox 456 2111 574 2153; x_wconf 80' lang='lat' dir='ltr'><strong><em>vides</em></strong></span> <span class='ocrx_word' id='word_1_59' title='bbox 596 2110 738 2152; x_wconf 81' lang='lat' dir='ltr'><strong><em>scribe</em></strong></span> <span class='ocrx_word' id='word_1_60' title='bbox 769 2109 812 2151; x_wconf 84' lang='lat' dir='ltr'><strong><em>in</em></strong></span> 
     </span>
     <span class='ocr_line' id='line_1_15' title="bbox 184 2175 814 2230; baseline -0.005 -12"><span class='ocrx_word' id='word_1_61' title='bbox 184 2176 314 2226; x_wconf 76' lang='lat' dir='ltr'><strong><em>libro,</em></strong></span> <span class='ocrx_word' id='word_1_62' title='bbox 330 2183 372 2218; x_wconf 83' lang='lat' dir='ltr'><strong><em>et</em></strong></span> <span class='ocrx_word' id='word_1_63' title='bbox 383 2176 503 2218; x_wconf 78' lang='lat' dir='ltr'><strong><em>mitte</em></strong></span> <span class='ocrx_word' id='word_1_64' title='bbox 515 2181 672 2230; x_wconf 79' lang='lat' dir='ltr'><em>septem</em></span> <span class='ocrx_word' id='word_1_65' title='bbox 685 2175 814 2216; x_wconf 86' lang='lat' dir='ltr'><strong><em>eccle-</em></strong></span> 
     </span>
     <span class='ocr_line' id='line_1_16' title="bbox 182 2237 813 2297; baseline -0.008 -13"><span class='ocrx_word' id='word_1_66' title='bbox 182 2242 262 2285; x_wconf 79' lang='lat' dir='ltr'><em>siis</em></span> <span class='ocrx_word' id='word_1_67' title='bbox 304 2254 403 2297; x_wconf 83' lang='lat' dir='ltr'><strong><em>quoe</em></strong></span> <span class='ocrx_word' id='word_1_68' title='bbox 452 2246 555 2283; x_wconf 78' lang='lat' dir='ltr'><em>sunt</em></span> <span class='ocrx_word' id='word_1_69' title='bbox 595 2239 638 2281; x_wconf 81' lang='lat' dir='ltr'><strong><em>in</em></strong></span> <span class='ocrx_word' id='word_1_70' title='bbox 687 2237 813 2286; x_wconf 81' lang='lat' dir='ltr'><strong><em>Asia,</em></strong></span> 
     </span>
     <span class='ocr_line' id='line_1_17' title="bbox 189 2303 815 2362; baseline -0.011 -12"><span class='ocrx_word' id='word_1_71' title='bbox 189 2305 356 2362; x_wconf 77' lang='lat' dir='ltr'><strong><em>Epheso</em></strong></span> <span class='ocrx_word' id='word_1_72' title='bbox 367 2312 410 2348; x_wconf 81' lang='lat' dir='ltr'><strong><em>et</em></strong></span> <span class='ocrx_word' id='word_1_73' title='bbox 420 2306 642 2360; x_wconf 74' lang='lat' dir='ltr'><strong><em>Smyrnae</em></strong></span> <span class='ocrx_word' id='word_1_74' title='bbox 658 2309 700 2345; x_wconf 85' lang='lat' dir='ltr'><strong><em>et</em></strong></span> <span class='ocrx_word' id='word_1_75' title='bbox 710 2303 815 2344; x_wconf 85' lang='lat' dir='ltr'><strong><em>Per·</em></strong></span> 
     </span>
     <span class='ocr_line' id='line_1_18' title="bbox 184 2368 817 2427; baseline -0.009 -13"><span class='ocrx_word' id='word_1_76' title='bbox 184 2383 314 2427; x_wconf 67' lang='lat' dir='ltr'><strong><em>gamo</em></strong></span> <span class='ocrx_word' id='word_1_77' title='bbox 333 2377 376 2413; x_wconf 83' lang='lat' dir='ltr'><strong><em>et</em></strong></span> <span class='ocrx_word' id='word_1_78' title='bbox 393 2369 638 2424; x_wconf 76' lang='lat' dir='ltr'><strong><em>Thyatirae</em></strong></span> <span class='ocrx_word' id='word_1_79' title='bbox 651 2373 693 2410; x_wconf 82' lang='lat' dir='ltr'><strong><em>et</em></strong></span> <span class='ocrx_word' id='word_1_80' title='bbox 705 2368 817 2410; x_wconf 88' lang='lat' dir='ltr'><strong><em>Sar-</em></strong></span> 
     </span>
     <span class='ocr_line' id='line_1_19' title="bbox 187 2432 819 2489; baseline -0.008 -11"><span class='ocrx_word' id='word_1_81' title='bbox 187 2434 256 2478; x_wconf 79' lang='lat' dir='ltr'><strong><em>dis</em></strong></span> <span class='ocrx_word' id='word_1_82' title='bbox 309 2442 353 2477; x_wconf 79' lang='lat' dir='ltr'><strong><em>et</em></strong></span> <span class='ocrx_word' id='word_1_83' title='bbox 400 2432 732 2489; x_wconf 76' lang='lat' dir='ltr'><strong><em>Philadelphiae</em></strong></span> <span class='ocrx_word' id='word_1_84' title='bbox 777 2438 819 2473; x_wconf 78' lang='lat' dir='ltr'><strong><em>et</em></strong></span> 
     </span>
     <span class='ocr_line' id='line_1_20' title="bbox 189 2498 437 2542; baseline 0 0"><span class='ocrx_word' id='word_1_85' title='bbox 189 2498 437 2542; x_wconf 78' lang='lat' dir='ltr'><strong><em>Laodiciae.</em></strong></span> 
     </span>
    </p>
   </div>
   <div class='ocr_carea' id='block_1_4' title="bbox 873 1397 1518 2540">
    <p class='ocr_par' dir='ltr' id='par_1_4' title="bbox 873 1397 1518 2540">
     <span class='ocr_line' id='line_1_21' title="bbox 929 1397 1502 1453; baseline -0.002 -14"><span class='ocrx_word' id='word_1_86' title='bbox 929 1397 1042 1451; x_wconf 82' lang='lat' dir='ltr'><strong><em>(Fot.</em></strong></span> <span class='ocrx_word' id='word_1_87' title='bbox 1077 1411 1101 1439; x_wconf 82' lang='grc'><strong>2</strong></span> <span class='ocrx_word' id='word_1_88' title='bbox 1134 1406 1202 1449; x_wconf 80' lang='lat' dir='ltr'><strong><em>v⁰;</em></strong></span> <span class='ocrx_word' id='word_1_89' title='bbox 1246 1398 1280 1448; x_wconf 89' lang='lat'><strong><em>1,</em></strong></span> <span class='ocrx_word' id='word_1_90' title='bbox 1310 1399 1351 1453; x_wconf 86' lang='lat'><strong><em>9)</em></strong></span> <span class='ocrx_word' id='word_1_91' title='bbox 1376 1398 1502 1439; x_wconf 75' lang='grc' dir='ltr'><strong>Τιιτ.</strong></span> 
     </span>
     <span class='ocr_line' id='line_1_22' title="bbox 873 1462 1505 1518; baseline -0.002 -15"><span class='ocrx_word' id='word_1_92' title='bbox 873 1462 923 1503; x_wconf 85' lang='lat' dir='ltr'><strong><em>Je</em></strong></span> <span class='ocrx_word' id='word_1_93' title='bbox 940 1462 952 1480; x_wconf 89' lang='lat'>¹</span> <span class='ocrx_word' id='word_1_94' title='bbox 979 1462 1139 1515; x_wconf 84' lang='lat' dir='ltr'><strong>Johan,</strong></span> <span class='ocrx_word' id='word_1_95' title='bbox 1166 1473 1310 1504; x_wconf 87' lang='lat' dir='ltr'><strong>vostre</strong></span> <span class='ocrx_word' id='word_1_96' title='bbox 1344 1463 1453 1518; x_wconf 82' lang='lat' dir='ltr'><strong><em>frere</em></strong></span> <span class='ocrx_word' id='word_1_97' title='bbox 1483 1475 1505 1502; x_wconf 92' lang='lat' dir='ltr'><strong><em>e</em></strong></span> 
     </span>
     <span class='ocr_line' id='line_1_23' title="bbox 874 1525 1506 1582; baseline -0.003 -13"><span class='ocrx_word' id='word_1_98' title='bbox 874 1540 1081 1582; x_wconf 86' lang='lat' dir='ltr'><strong><em>parcener</em></strong></span> <span class='ocrx_word' id='word_1_99' title='bbox 1108 1540 1162 1568; x_wconf 87' lang='lat' dir='ltr'><strong><em>en</em></strong></span> <span class='ocrx_word' id='word_1_100' title='bbox 1189 1525 1447 1568; x_wconf 82' lang='lat' dir='ltr'>tribulatiun</span> <span class='ocrx_word' id='word_1_101' title='bbox 1466 1526 1506 1567; x_wconf 69' lang='grc' dir='ltr'><strong>ἃ</strong></span> 
     </span>
     <span class='ocr_line' id='line_1_24' title="bbox 875 1591 1507 1646; baseline 0 -14"><span class='ocrx_word' id='word_1_102' title='bbox 875 1605 1005 1646; x_wconf 86' lang='lat' dir='ltr'><strong><em>regne</em></strong></span> <span class='ocrx_word' id='word_1_103' title='bbox 1025 1593 1064 1633; x_wconf 87' lang='lat'>&amp;</span> <span class='ocrx_word' id='word_1_104' title='bbox 1086 1591 1291 1646; x_wconf 82' lang='lat' dir='ltr'><strong><em>pacience</em></strong></span> <span class='ocrx_word' id='word_1_105' title='bbox 1320 1604 1374 1633; x_wconf 87' lang='lat' dir='ltr'><strong><em>en</em></strong></span> <span class='ocrx_word' id='word_1_106' title='bbox 1402 1591 1507 1633; x_wconf 88' lang='lat' dir='ltr'><strong><em>Jesu</em></strong></span> 
     </span>
     <span class='ocr_line' id='line_1_25' title="bbox 877 1655 1508 1711; baseline -0.002 -13"><span class='ocrx_word' id='word_1_107' title='bbox 877 1656 1009 1709; x_wconf 90' lang='lat' dir='ltr'>Crist,</span> <span class='ocrx_word' id='word_1_108' title='bbox 1027 1655 1073 1698; x_wconf 87' lang='lat' dir='ltr'><strong><em>fu</em></strong></span> <span class='ocrx_word' id='word_1_109' title='bbox 1091 1669 1144 1697; x_wconf 91' lang='lat' dir='ltr'><strong><em>en</em></strong></span> <span class='ocrx_word' id='word_1_110' title='bbox 1166 1655 1308 1709; x_wconf 82' lang='lat' dir='ltr'><strong><em>[une²]</em></strong></span> <span class='ocrx_word' id='word_1_111' title='bbox 1335 1656 1391 1697; x_wconf 86' lang='lat' dir='ltr'><strong><em>ile</em></strong></span> <span class='ocrx_word' id='word_1_112' title='bbox 1423 1670 1508 1711; x_wconf 89' lang='lat' dir='ltr'><strong><em>que</em></strong></span> 
     </span>
     <span class='ocr_line' id='line_1_26' title="bbox 876 1720 1510 1775; baseline 0 -13"><span class='ocrx_word' id='word_1_113' title='bbox 876 1730 939 1762; x_wconf 90' lang='lat' dir='ltr'><strong><em>est</em></strong></span> <span class='ocrx_word' id='word_1_114' title='bbox 958 1720 1104 1775; x_wconf 77' lang='lat' dir='ltr'><strong><em>apelee</em></strong></span> <span class='ocrx_word' id='word_1_115' title='bbox 1126 1720 1335 1762; x_wconf 85' lang='lat' dir='ltr'><strong>Pathmos</strong></span> <span class='ocrx_word' id='word_1_116' title='bbox 1368 1733 1449 1774; x_wconf 87' lang='lat' dir='ltr'><strong><em>por</em></strong></span> <span class='ocrx_word' id='word_1_117' title='bbox 1466 1720 1510 1762; x_wconf 83' lang='lat' dir='ltr'><strong><em>la</em></strong></span> 
     </span>
     <span class='ocr_line' id='line_1_27' title="bbox 876 1783 1510 1840; baseline -0.002 -14"><span class='ocrx_word' id='word_1_118' title='bbox 876 1784 1040 1840; x_wconf 82' lang='lat' dir='ltr'><strong><em>parolle</em></strong></span> <span class='ocrx_word' id='word_1_119' title='bbox 1068 1785 1164 1826; x_wconf 90' lang='lat' dir='ltr'><strong><em>Deu</em></strong></span> <span class='ocrx_word' id='word_1_120' title='bbox 1202 1786 1242 1826; x_wconf 74' lang='grc' dir='ltr'><strong>ἃ</strong></span> <span class='ocrx_word' id='word_1_121' title='bbox 1268 1783 1510 1838; x_wconf 83' lang='lat' dir='ltr'><strong><em>tesmoigne</em></strong></span> 
     </span>
     <span class='ocr_line' id='line_1_28' title="bbox 879 1848 1510 1903; baseline 0 -13"><span class='ocrx_word' id='word_1_122' title='bbox 879 1849 983 1891; x_wconf 87' lang='lat' dir='ltr'><strong><em>Jesu</em></strong></span> <span class='ocrx_word' id='word_1_123' title='bbox 1004 1849 1144 1901; x_wconf 81' lang='lat' dir='ltr'>Crist3</span> <span class='ocrx_word' id='word_1_124' title='bbox 1160 1849 1241 1903; x_wconf 84' lang='grc' dir='ltr'>(ιο)</span> <span class='ocrx_word' id='word_1_125' title='bbox 1258 1850 1297 1891; x_wconf 71' lang='grc' dir='ltr'>ἃ</span> <span class='ocrx_word' id='word_1_126' title='bbox 1314 1848 1360 1890; x_wconf 87' lang='lat' dir='ltr'><strong><em>fu</em></strong></span> <span class='ocrx_word' id='word_1_127' title='bbox 1374 1862 1428 1890; x_wconf 89' lang='lat' dir='ltr'><strong><em>en</em></strong></span> <span class='ocrx_word' id='word_1_128' title='bbox 1449 1861 1510 1890; x_wconf 90' lang='lat' dir='ltr'><strong><em>es·</em></strong></span> 
     </span>
     <span class='ocr_line' id='line_1_29' title="bbox 882 1913 1510 1968; baseline -0.002 -13"><span class='ocrx_word' id='word_1_129' title='bbox 882 1913 1008 1968; x_wconf 82' lang='lat' dir='ltr'><strong><em>pirite</em></strong></span> <span class='ocrx_word' id='word_1_130' title='bbox 1023 1927 1100 1968; x_wconf 82' lang='lat' dir='ltr'><strong><em>par</em></strong></span> <span class='ocrx_word' id='word_1_131' title='bbox 1113 1927 1173 1955; x_wconf 87' lang='lat' dir='ltr'><strong><em>un</em></strong></span> <span class='ocrx_word' id='word_1_132' title='bbox 1193 1913 1400 1965; x_wconf 81' lang='lat' dir='ltr'><strong><em>dimaine,</em></strong></span> <span class='ocrx_word' id='word_1_133' title='bbox 1412 1914 1452 1955; x_wconf 71' lang='grc' dir='ltr'><strong>ἃ</strong></span> <span class='ocrx_word' id='word_1_134' title='bbox 1466 1919 1510 1955; x_wconf 81' lang='grc' dir='ltr'><strong><em>οἱ</em></strong></span> 
     </span>
     <span class='ocr_line' id='line_1_30' title="bbox 882 1977 1511 2033; baseline -0.002 -14"><span class='ocrx_word' id='word_1_135' title='bbox 882 1979 1007 2033; x_wconf 73' lang='lat' dir='ltr'><strong><em>apres</em></strong></span> <span class='ocrx_word' id='word_1_136' title='bbox 1035 1979 1125 2020; x_wconf 89' lang='lat' dir='ltr'><strong><em>moi</em></strong></span> <span class='ocrx_word' id='word_1_137' title='bbox 1155 1991 1241 2020; x_wconf 91' lang='lat' dir='ltr'><strong><em>une</em></strong></span> <span class='ocrx_word' id='word_1_138' title='bbox 1260 1989 1385 2033; x_wconf 79' lang='lat' dir='ltr'><strong>grant</strong></span> <span class='ocrx_word' id='word_1_139' title='bbox 1413 1977 1511 2019; x_wconf 79' lang='lat' dir='ltr'><strong><em>voiz</em></strong></span> 
     </span>
     <span class='ocr_line' id='line_1_31' title="bbox 883 2042 1510 2095; baseline 0 -12"><span class='ocrx_word' id='word_1_140' title='bbox 883 2043 978 2085; x_wconf 81' lang='lat' dir='ltr'>ausi</span> <span class='ocrx_word' id='word_1_141' title='bbox 992 2043 1006 2065; x_wconf 82' lang='lat'><strong>³</strong></span> <span class='ocrx_word' id='word_1_142' title='bbox 1023 2056 1148 2084; x_wconf 89' lang='lat' dir='ltr'><strong><em>come</em></strong></span> <span class='ocrx_word' id='word_1_143' title='bbox 1165 2043 1217 2084; x_wconf 92' lang='lat' dir='ltr'><strong><em>de</em></strong></span> <span class='ocrx_word' id='word_1_144' title='bbox 1236 2042 1404 2095; x_wconf 83' lang='lat' dir='ltr'><strong><em>bosine‚</em></strong></span> <span class='ocrx_word' id='word_1_145' title='bbox 1424 2042 1460 2095; x_wconf 87' lang='grc' dir='ltr'><strong><em>(ι</em></strong></span> <span class='ocrx_word' id='word_1_146' title='bbox 1477 2043 1510 2095; x_wconf 85' lang='lat'><strong><em>1)</em></strong></span> 
     </span>
     <span class='ocr_line' id='line_1_32' title="bbox 886 2105 1514 2149; baseline -0.005 0"><span class='ocrx_word' id='word_1_147' title='bbox 886 2108 928 2149; x_wconf 90' lang='lat' dir='ltr'><strong><em>ki</em></strong></span> <span class='ocrx_word' id='word_1_148' title='bbox 944 2121 1013 2149; x_wconf 87' lang='lat' dir='ltr'><strong><em>me</em></strong></span> <span class='ocrx_word' id='word_1_149' title='bbox 1023 2108 1109 2149; x_wconf 89' lang='lat' dir='ltr'>dist</span> <span class='ocrx_word' id='word_1_150' title='bbox 1124 2107 1135 2129; x_wconf 82' lang='lat'><strong>⁴</strong></span> <span class='ocrx_word' id='word_1_151' title='bbox 1152 2105 1377 2148; x_wconf 80' lang='lat' dir='ltr'><strong><em>:Escrivez</em></strong></span> <span class='ocrx_word' id='word_1_152' title='bbox 1390 2119 1444 2147; x_wconf 88' lang='lat' dir='ltr'><strong><em>en</em></strong></span> <span class='ocrx_word' id='word_1_153' title='bbox 1462 2105 1514 2146; x_wconf 84' lang='lat' dir='ltr'><strong><em>li-</em></strong></span> 
     </span>
     <span class='ocr_line' id='line_1_33' title="bbox 885 2169 1512 2224; baseline -0.003 -10"><span class='ocrx_word' id='word_1_154' title='bbox 885 2185 959 2214; x_wconf 84' lang='lat' dir='ltr'><strong><em>vre</em></strong></span> <span class='ocrx_word' id='word_1_155' title='bbox 970 2185 1047 2214; x_wconf 90' lang='lat' dir='ltr'><strong><em>ceo</em></strong></span> <span class='ocrx_word' id='word_1_156' title='bbox 1060 2173 1110 2213; x_wconf 88' lang='lat' dir='ltr'><strong><em>ke</em></strong></span> <span class='ocrx_word' id='word_1_157' title='bbox 1125 2185 1203 2212; x_wconf 90' lang='lat' dir='ltr'><strong><em>vos</em></strong></span> <span class='ocrx_word' id='word_1_158' title='bbox 1219 2184 1335 2222; x_wconf 86' lang='lat' dir='ltr'><strong><em>veez,</em></strong></span> <span class='ocrx_word' id='word_1_159' title='bbox 1353 2170 1456 2224; x_wconf 79' lang='lat' dir='ltr'><strong><em>(fol.</em></strong></span> <span class='ocrx_word' id='word_1_160' title='bbox 1468 2169 1512 2222; x_wconf 83' lang='lat'><strong><em>3)</em></strong></span> 
     </span>
     <span class='ocr_line' id='line_1_34' title="bbox 887 2234 1514 2289; baseline -0.006 -11"><span class='ocrx_word' id='word_1_161' title='bbox 887 2247 928 2278; x_wconf 90' lang='lat' dir='ltr'><strong><em>et</em></strong></span> <span class='ocrx_word' id='word_1_162' title='bbox 944 2236 1119 2279; x_wconf 78' lang='lat' dir='ltr'><strong><em>envaiez</em></strong></span> <span class='ocrx_word' id='word_1_163' title='bbox 1138 2236 1150 2257; x_wconf 81' lang='lat'>⁵</span> <span class='ocrx_word' id='word_1_164' title='bbox 1166 2249 1221 2277; x_wconf 82' lang='lat' dir='ltr'><strong><em>au</em></strong></span> <span class='ocrx_word' id='word_1_165' title='bbox 1241 2236 1255 2258; x_wconf 84' lang='lat'><strong>⁶</strong></span> <span class='ocrx_word' id='word_1_166' title='bbox 1274 2246 1338 2276; x_wconf 87' lang='lat' dir='ltr'><strong><em>set</em></strong></span> <span class='ocrx_word' id='word_1_167' title='bbox 1353 2234 1514 2289; x_wconf 83' lang='lat' dir='ltr'><strong><em>yglises</em></strong></span> 
     </span>
     <span class='ocr_line' id='line_1_35' title="bbox 887 2302 1516 2357; baseline -0.01 -13"><span class='ocrx_word' id='word_1_168' title='bbox 887 2302 940 2343; x_wconf 93' lang='lat' dir='ltr'><strong><em>de</em></strong></span> <span class='ocrx_word' id='word_1_169' title='bbox 961 2305 1089 2357; x_wconf 84' lang='lat' dir='ltr'><strong><em>Asye‚</em></strong></span> <span class='ocrx_word' id='word_1_170' title='bbox 1113 2315 1189 2343; x_wconf 91' lang='lat' dir='ltr'><strong><em>ceo</em></strong></span> <span class='ocrx_word' id='word_1_171' title='bbox 1210 2311 1272 2341; x_wconf 87' lang='lat' dir='ltr'><strong><em>est</em></strong></span> <span class='ocrx_word' id='word_1_172' title='bbox 1303 2313 1327 2341; x_wconf 81' lang='lat' dir='ltr'><strong>a</strong></span> <span class='ocrx_word' id='word_1_173' title='bbox 1349 2310 1469 2340; x_wconf 68' lang='lat' dir='ltr'><strong><em>suver</em></strong></span> <span class='ocrx_word' id='word_1_174' title='bbox 1491 2310 1516 2338; x_wconf 81' lang='lat' dir='ltr'>a</span> 
     </span>
     <span class='ocr_line' id='line_1_36' title="bbox 890 2362 1518 2409; baseline -0.011 0"><span class='ocrx_word' id='word_1_175' title='bbox 890 2367 1034 2409; x_wconf 83' lang='lat' dir='ltr'><strong><em>Efesie</em></strong></span> <span class='ocrx_word' id='word_1_176' title='bbox 1064 2367 1103 2408; x_wconf 88' lang='lat'>&amp;</span> <span class='ocrx_word' id='word_1_177' title='bbox 1137 2364 1323 2407; x_wconf 86' lang='lat' dir='ltr'><strong><em>Smirme</em></strong></span> <span class='ocrx_word' id='word_1_178' title='bbox 1355 2363 1394 2404; x_wconf 72' lang='grc' dir='ltr'><strong>ἃ</strong></span> <span class='ocrx_word' id='word_1_179' title='bbox 1417 2362 1518 2403; x_wconf 79' lang='lat' dir='ltr'><strong>Par·</strong></span> 
     </span>
     <span class='ocr_line' id='line_1_37' title="bbox 891 2426 1518 2489; baseline -0.013 -14"><span class='ocrx_word' id='word_1_180' title='bbox 891 2446 1014 2489; x_wconf 84' lang='lat' dir='ltr'><strong><em>game</em></strong></span> <span class='ocrx_word' id='word_1_181' title='bbox 1034 2433 1074 2474; x_wconf 71' lang='grc' dir='ltr'><strong>ἃ</strong></span> <span class='ocrx_word' id='word_1_182' title='bbox 1093 2429 1295 2472; x_wconf 84' lang='lat' dir='ltr'><strong><em>Thiatere</em></strong></span> <span class='ocrx_word' id='word_1_183' title='bbox 1322 2429 1362 2469; x_wconf 84' lang='lat'>&amp;</span> <span class='ocrx_word' id='word_1_184' title='bbox 1386 2426 1518 2469; x_wconf 78' lang='lat' dir='ltr'><strong><em>Sarde</em></strong></span> 
     </span>
     <span class='ocr_line' id='line_1_38' title="bbox 891 2491 1464 2540; baseline -0.014 0"><span class='ocrx_word' id='word_1_185' title='bbox 891 2500 931 2540; x_wconf 71' lang='grc' dir='ltr'>ἀ</span> <span class='ocrx_word' id='word_1_186' title='bbox 947 2494 1186 2539; x_wconf 79' lang='lat' dir='ltr'><strong><em>Philadelfe</em></strong></span> <span class='ocrx_word' id='word_1_187' title='bbox 1204 2494 1245 2535; x_wconf 83' lang='lat'>&amp;</span> <span class='ocrx_word' id='word_1_188' title='bbox 1262 2491 1464 2535; x_wconf 79' lang='lat' dir='ltr'><strong><em>Laodice.</em></strong></span> 
     </span>
    </p>
   </div>
   <div class='ocr_carea' id='block_1_5' title="bbox 194 2626 1522 2732">
    <p class='ocr_par' dir='ltr' id='par_1_5' title="bbox 194 2626 1522 2732">
     <span class='ocr_line' id='line_1_39' title="bbox 240 2626 1522 2673; baseline -0.009 -4"><span class='ocrx_word' id='word_1_189' title='bbox 240 2645 269 2669; x_wconf 83' lang='lat'><strong><em>1.</em></strong></span> <span class='ocrx_word' id='word_1_190' title='bbox 289 2634 319 2669; x_wconf 88' lang='lat' dir='ltr'>C</span> <span class='ocrx_word' id='word_1_191' title='bbox 340 2633 388 2668; x_wconf 73' lang='lat' dir='ltr'><strong><em>E.</em></strong></span> <span class='ocrx_word' id='word_1_192' title='bbox 408 2653 447 2660; x_wconf 95' lang='lat'>—</span> <span class='ocrx_word' id='word_1_193' title='bbox 464 2644 496 2668; x_wconf 79' lang='lat'><strong><em>2.</em></strong></span> <span class='ocrx_word' id='word_1_194' title='bbox 513 2636 543 2668; x_wconf 77' lang='lat' dir='ltr'>A</span> <span class='ocrx_word' id='word_1_195' title='bbox 562 2642 660 2669; x_wconf 84' lang='lat' dir='ltr'><strong><em>omet</em></strong></span> <span class='ocrx_word' id='word_1_196' title='bbox 679 2644 720 2668; x_wconf 87' lang='lat' dir='ltr'><strong><em>ce</em></strong></span> <span class='ocrx_word' id='word_1_197' title='bbox 741 2640 844 2673; x_wconf 74' lang='lat' dir='ltr'><strong><em>mot:</em></strong></span> <span class='ocrx_word' id='word_1_198' title='bbox 867 2634 893 2666; x_wconf 87' lang='lat' dir='ltr'>B</span> <span class='ocrx_word' id='word_1_199' title='bbox 913 2631 942 2665; x_wconf 91' lang='lat' dir='ltr'>C</span> <span class='ocrx_word' id='word_1_200' title='bbox 964 2641 1024 2664; x_wconf 83' lang='lat' dir='ltr'><strong><em>un.</em></strong></span> <span class='ocrx_word' id='word_1_201' title='bbox 1063 2648 1105 2655; x_wconf 98' lang='lat'>—</span> <span class='ocrx_word' id='word_1_202' title='bbox 1125 2627 1159 2663; x_wconf 88' lang='lat'><strong><em>3.</em></strong></span> <span class='ocrx_word' id='word_1_203' title='bbox 1181 2629 1209 2662; x_wconf 87' lang='lat' dir='ltr'>C</span> <span class='ocrx_word' id='word_1_204' title='bbox 1232 2633 1330 2661; x_wconf 82' lang='lat' dir='ltr'><strong><em>ornet</em></strong></span> <span class='ocrx_word' id='word_1_205' title='bbox 1359 2626 1452 2660; x_wconf 71' lang='grc' dir='ltr'><em>αιιεῐ.</em></span> <span class='ocrx_word' id='word_1_206' title='bbox 1484 2642 1522 2651; x_wconf 88' lang='lat'><em>-</em></span> 
     </span>
     <span class='ocr_line' id='line_1_40' title="bbox 194 2683 1103 2732; baseline -0.008 -9"><span class='ocrx_word' id='word_1_207' title='bbox 194 2698 231 2731; x_wconf 80' lang='grc'><strong><em>4.</em></strong></span> <span class='ocrx_word' id='word_1_208' title='bbox 248 2687 279 2722; x_wconf 89' lang='lat' dir='ltr'>C</span> <span class='ocrx_word' id='word_1_209' title='bbox 298 2697 319 2722; x_wconf 80' lang='lat' dir='ltr'><strong><em>e</em></strong></span> <span class='ocrx_word' id='word_1_210' title='bbox 335 2687 470 2732; x_wconf 72' lang='lat' dir='ltr'><strong><em>dyaeeit.</em></strong></span> <span class='ocrx_word' id='word_1_211' title='bbox 490 2705 530 2714; x_wconf 90' lang='lat'><strong><em>-—</em></strong></span> <span class='ocrx_word' id='word_1_212' title='bbox 546 2687 579 2721; x_wconf 87' lang='lat'><strong><em>5.</em></strong></span> <span class='ocrx_word' id='word_1_213' title='bbox 597 2688 626 2722; x_wconf 90' lang='lat' dir='ltr'><strong>C</strong></span> <span class='ocrx_word' id='word_1_214' title='bbox 647 2697 666 2721; x_wconf 85' lang='lat' dir='ltr'><strong><em>e</em></strong></span> <span class='ocrx_word' id='word_1_215' title='bbox 684 2687 871 2731; x_wconf 75' lang='lat' dir='ltr'><strong><em>Penveyet.</em></strong></span> <span class='ocrx_word' id='word_1_216' title='bbox 895 2701 934 2711; x_wconf 90' lang='lat'><strong><em>-·</em></strong></span> <span class='ocrx_word' id='word_1_217' title='bbox 951 2683 986 2719; x_wconf 85' lang='lat'><strong><em>6.</em></strong></span> <span class='ocrx_word' id='word_1_218' title='bbox 1012 2684 1039 2717; x_wconf 85' lang='lat' dir='ltr'>B</span> <span class='ocrx_word' id='word_1_219' title='bbox 1061 2693 1103 2716; x_wconf 74' lang='lat' dir='ltr'><strong><em>as</em></strong></span> 
     </span>
    </p>
   </div>
  </div>
 </body>
</html>
