1910 3158
362 258 424 304 94
695 239 1117 314 L'APOCALY98133513N
1150 259 1372 303 FRANQAIS

406 377 436 401 1.
454 367 483 401 C
496 365 556 400 de.
580 384 620 390 —-
640 374 676 399 2.
700 366 728 398 C
751 364 822 398 del.
846 383 886 389 —
908 363 926 397 3
949 365 977 398 B
993 362 1047 404 L'e]
1066 365 1298 408 esmervez‘tte,
1315 367 1343 400 C
1364 366 1420 401 La
1439 368 1636 413 mer-vesle.
1659 386 1700 396 —

360 428 395 461 4.
414 419 441 451 B
457 418 540 452 lese
560 417 697 460 seigne.
722 434 762 442 —
783 417 816 450 5.
844 417 903 451 BC
921 411 1068 463 pecch‘ss.
1085 435 1126 442 —
1144 416 1178 451 6.
1203 417 1231 452 C
1250 417 1287 450 E
1302 427 1353 453 ce.
1372 436 1415 444 —
1437 429 1473 463 7.
1499 419 1559 454 BC
1578 427 1697 455 omet-

362 477 437 505 tent
459 471 547 514 qu’il
561 470 645 504 dist.
663 488 703 495 -
727 470 764 505 8.
795 470 824 504 C
846 470 968 513 ajoute
988 470 1031 504 ke
1050 472 1129 504 keo.
1151 489 1191 495 —
1213 481 1246 516 9.
1265 471 1388 506 Mieux
1405 472 1432 504 B
1453 473 1486 506 Ie
1501 472 1700 515 deso-aira,

361 525 389 558 C
410 525 437 557 li
456 524 699 558 destruera.—
721 533 775 558 10.
796 523 825 558 C
843 527 968 557 ver-tue
978 522 1023 557 de
1041 533 1100 557 ces
1115 524 1304 558 leveres.—·
1328 534 1411 559 ιιι
1430 526 1613 560 Percutiet
1629 532 1696 560 ter·

362 588 441 611 ram
467 577 570 621 virga
589 577 664 611 oris
687 577 758 619 sui,
785 584 821 611 et
849 578 1001 621 spiritus
1021 577 1208 611 labiorum
1231 587 1385 612 suorum
1408 577 1602 613 interficiet
1628 579 1699 613 im-

362 631 466 673 pium
486 644 502 660 »
532 630 592 672 (Is.
613 641 670 672 xx,
697 631 750 674 4).
779 649 816 655 —
839 639 893 664 12.
924 630 953 664 C
971 639 1026 664 en.
1054 647 1096 655 -
1118 630 1172 664 13.
1192 631 1221 664 C
1242 639 1326 664 ceus
1343 635 1556 666 receverunt
1574 632 1639 666 cel.
1657 650 1699 658 —

367 692 416 725 ¹4·
443 683 512 717 BC
533 683 593 717 de.
609 701 651 708 -
680 683 732 717 15.
761 684 788 716 B
811 687 898 724 teet,
921 683 950 717 C
970 687 1036 716 set.
1062 700 1102 708 —
1126 682 1178 717 16.
1196 682 1225 717 C
1242 687 1382 717 mor-teu
1400 683 1620 729 pecchez.—
1641 694 1697 728 ¹7·

361 737 390 771 C
414 737 537 780 ajoute
555 747 625 772 ces.
647 757 686 762 —
710 738 763 772 18.
784 738 813 772 C
841 737 896 772 de.
918 757 958 762 —
985 747 1039 783 ¹9·
1055 738 1205 779 C00met
1221 738 1294 781 qui.
1311 755 1352 763 -
1368 747 1424 773 20.
1441 738 1501 773 BC
1521 745 1700 773 omettent

361 790 400 822 ἀ.
420 808 460 815 -
480 799 536 824 21.
555 790 616 824 BC
634 790 672 824 il.
687 809 730 816 —
743 800 800 824 22.
815 791 844 825 C
858 790 914 824 de.
931 809 974 815 —
989 791 1046 825 23.
1061 791 1120 824 BC
1137 797 1315 824 omettent
1334 791 1404 824 lur.
1415 809 1457 816 —
1471 800 1528 835 24.
1543 791 1573 827 C
1586 801 1699 836 guer-

361 847 453 877 rent.
479 861 522 870 —-
547 843 603 878 25.
632 844 660 877 C
675 854 838 887 preume.
864 861 904 870 -
925 843 983 878 26.
1005 844 1064 878 BC
1091 844 1135 877 L.
1157 848 1258 878 verta
1281 854 1302 878 e
1329 845 1355 877 l.
1374 854 1478 888 poer.
1497 862 1539 871 —
1558 854 1616 890 27.
1636 845 1699 879 BC

361 897 520 930 livet-unt
543 897 581 930 il.
597 914 639 922 —
658 896 718 931 28.
741 898 768 930 B
789 898 911 941 ajoute
939 897 1020 938 tuit,
1045 898 1074 931 C
1095 901 1157 931 tot.
1173 892 1214 922 —'
1232 906 1288 942 29.
1310 898 1339 931 B
1355 907 1413 939 en,
1426 898 1455 932 C
1478 907 1522 932 en
1539 897 1574 931 le
1587 915 1628 924 —
1642 897 1698 932 30.

361 949 390 984 C
407 957 507 984 omet
525 960 564 984 a.
583 969 622 975 —
643 949 699 984 31.
721 950 750 985 C
771 957 870 985 omet
891 951 940 984 la.
959 969 999 976 —
1017 950 1076 984 32.
1097 951 1126 984 C
1151 961 1190 994 g.
1216 960 1235 984 e
1254 951 1308 985 les
1327 950 1552 991 destreinent
1574 950 1657 985 ausi
1675 960 1700 984 a

356 1003 523 1047 peccher.
544 1023 584 1028 —
603 1002 658 1037 33.
680 1003 709 1038 C
723 1004 845 1046 ajoute
862 1008 926 1038 tot.
949 1022 989 1028 —
1006 1004 1062 1047 34.
1082 1003 1110 1037 B
1127 1004 1234 1038 les.—
1255 1003 1310 1038 35.
1332 1004 1361 1038 C
1385 1003 1506 1047 ajoute
1523 1003 1567 1050 1⁰1.
1588 1022 1628 1028 —
1641 1002 1686 1038 36

362 1057 390 1089 Β
407 1061 656 1101 repr-everunt.
675 1075 716 1082 —
735 1056 792 1101 37.
812 1057 841 1091 C
856 1067 899 1091 en
921 1058 966 1091 le.
989 1076 1029 1082 —-
1046 1057 1105 1091 38.
1125 1057 1153 1090 B
1174 1057 1218 1091 ke
1241 1057 1270 1091 il
1291 1057 1399 1099 eient,
1417 1057 1447 1091 C
1466 1057 1512 1091 ke
1526 1056 1556 1090 il
1566 1060 1644 1090 unt.
1663 1075 1704 1082 —

363 1109 418 1155 39.
437 1110 560 1144 Mieux
580 1111 608 1143 B
622 1111 677 1153 fet
696 1111 744 1144 ici
757 1111 801 1144 ke
820 1111 1002 1152 semblast,
1015 1110 1044 1144 C
1059 1110 1119 1155 set
1131 1120 1180 1155 cy
1196 1111 1240 1144 ke
1254 1110 1400 1144 semble.
1421 1128 1462 1135 -
1479 1119 1538 1154 40.
1554 1109 1583 1144 C
1603 1115 1704 1160 ome}

363 1163 420 1196 lur
436 1174 570 1198 avera:
575 1188 636 1199 .....
661 1164 727 1198 mis
741 1173 797 1198 en.
814 1183 855 1189 —
867 1174 909 1207 41
922 1190 930 1198 .
954 1165 1014 1198 BC
1033 1164 1102 1198 lur.
1124 1183 1164 1190 —
1182 1174 1241 1207 42.
1265 1164 1325 1198 BC
1341 1168 1520 1199 omettent
1534 1174 1569 1198 a.
1583 1182 1624 1189 -
1639 1162 1700 1207 43.

362 1217 390 1252 C
405 1228 490 1260 pur.
511 1236 554 1243 -
566 1229 615 1261 44
632 1219 659 1252 B
681 1218 746 1252 des
764 1218 858 1252 male
870 1222 971 1263 gent,
991 1218 1020 1252 C
1040 1218 1086 1252 de
1100 1219 1194 1252 male
1207 1222 1310 1262 gent.

413 1343 599 1397 (XVIII,
628 1343 660 1397 1)
681 1343 744 1384 Et
760 1349 866 1397 post
889 1343 995 1384 haec

361 1407 453 1450 vidi
485 1407 622 1449 alium
654 1409 860 1462 angelum
896 1407 994 1449 des-

361 1472 610 1514 cendentem
620 1472 674 1513 de
689 1473 825 1524 caelo,
836 1472 994 1513 haben-

362 1546 446 1580 tem
478 1545 738 1593 potestatem
773 1551 990 1594 magnam,

361 1610 404 1644 et
434 1610 555 1645 terra
591 1602 839 1646 illuminata
875 1609 940 1644 est
967 1616 995 1644 a

359 1668 509 1723 gloria
519 1667 614 1724 ejus
623 1669 695 1723 (2).
704 1669 770 1711 Et
777 1669 995 1710 exclama-

361 1733 423 1775 vit
441 1733 485 1775 in
498 1733 789 1789 fortitudine,
808 1733 957 1775 dicens
979 1745 994 1774 .·

362 1798 534 1841 Cecidit
569 1799 775 1854 Babylon
816 1811 992 1853 magna,

361 1865 543 1918 etfacta
566 1871 633 1906 est
659 1864 871 1906 habitatio
889 1863 994 1905 dae-

361 1929 604 1971 moniorum
623 1937 667 1971 et
684 1929 882 1971 custodia
900 1941 993 1970 om-

360 1994 429 2036 nis
473 1994 655 2050 spiritus
706 1993 916 2036 immundi
952 1999 996 2035 et

361 2062 557 2104 custodia
611 2060 750 2102 omnis
801 2059 993 2102 volucris

361 2127 605 2170 immundae
631 2134 673 2168 et
697 2125 901 2177 odibilis;
933 2125 991 2179 (3)

359 2193 462 2247 quia
482 2193 535 2234 de
558 2194 657 2235 vino
677 2192 772 2233 irae
789 2189 994 2246 fornica-

361 2257 492 2301 tionis
517 2257 611 2313 ejus
630 2256 831 2299 biberunt
849 2268 994 2296 omnes

358 2329 526 2378 gentes,
570 2329 614 2364 et
666 2334 794 2376 reges
847 2326 994 2362 terrae

360 2400 456 2428 cum
475 2387 555 2428 illa
562 2385 787 2442 fornicati
814 2392 928 2438 sunt,
953 2391 996 2426 et

360 2460 623 2494 mercatores
655 2459 800 2493 terrae
823 2451 876 2492 de
907 2450 994 2492 vir-

361 2524 449 2558 tute
458 2518 718 2559 deliciarum
731 2516 824 2571 ejus
837 2516 994 2558 divites

347 2582 470 2638 sacti
489 2589 603 2623 sunt.

1121 1344 1231 1396 (Fol.
1296 1344 1386 1394 34,-
1438 1342 1606 1394 xvm,
1663 1342 1699 1396 ι)

1067 1409 1192 1450 Tm.
1229 1409 1369 1463 Apres
1392 1419 1470 1449 ceo
1497 1406 1541 1448 vi
1567 1419 1618 1462 ge
1638 1419 1700 1448 un

1067 1483 1188 1515 autre
1203 1472 1354 1527 angele
1363 1471 1627 1514 descendant
1640 1471 1701 1513 du

1068 1538 1166 1589 ciel,
1193 1551 1278 1592 que
1307 1551 1332 1579 a
1351 1547 1476 1591 grant
1503 1549 1624 1592 poet,
1660 1545 1701 1578 et

1069 1604 1111 1646 la
1137 1614 1248 1645 terre
1275 1612 1339 1644 est
1367 1597 1618 1646 enluminee
1648 1601 1703 1644 de

1067 1682 1114 1710 sa
1129 1668 1281 1723 gloire.
1299 1666 1358 1721 (2)
1373 1668 1413 1708 &
1427 1665 1460 1708 il
1473 1665 1564 1709 cria
1575 1664 1704 1708 effor-

1067 1733 1302 1775 ciblement
1315 1734 1356 1774 &
1374 1731 1541 1775 disoet:
1563 1731 1705 1775 Chaet

1067 1810 1130 1841 est
1166 1799 1194 1848 ¹,
1216 1798 1342 1839 chaet
1361 1807 1425 1838 est
1457 1795 1702 1852 Babyloine

1064 1864 1107 1906 la
1126 1874 1265 1918 grant,
1296 1863 1336 1904 &
1369 1872 1433 1903 est
1460 1861 1544 1903 fete
1573 1860 1704 1915 habi-‘

1065 1929 1228 1972 tatiuns
1262 1930 1316 1970 de
1342 1927 1512 1979 deable,
1547 1929 1587 1970 &
1606 1940 1699 1983 gar-

1066 1995 1168 2036 dein
1188 1995 1242 2036 de
1270 1994 1284 2011 ²
1310 1994 1503 2035 chascun
1524 1993 1617 2034 ord³
1635 2005 1699 2033 es-

1067 2060 1169 2116 pirit
1198 2062 1238 2102 &
1276 2060 1329 2101 de
1359 2059 1551 2106 chescun
1588 2054 1698 2099 oisel

1066 2126 1162 2178 ord,
1187 2124 1246 2179 (3)
1273 2138 1356 2180 pur
1384 2137 1461 2166 ceo
1482 2130 1566 2181 que
1585 2131 1698 2170 tutes

1066 2204 1176 2245 genz
1207 2190 1221 2211 ³
1240 2201 1319 2231 ont
1347 2191 1432 2231 beti
1464 2189 1524 2231 du
1541 2186 1618 2230 vin
1644 2186 1698 2234 de

1066 2269 1113 2297 sa
1139 2254 1420 2306 fornicatiun,
1443 2253 1484 2295 &
1500 2251 1534 2295 li
1554 2250 1622 2293 roi
1643 2251 1697 2292 de

1065 2320 1108 2362 la
1118 2331 1228 2362 terre
1243 2329 1323 2361 unt
1335 2318 1394 2360 fet
1406 2315 1674 2364 fornicatiun
1687 2315 1700 2338 ⁴

1067 2398 1146 2426 ove
1171 2385 1218 2438 li,
1239 2383 1323 2426 &li
1340 2382 1567 2425 marcham
1586 2381 1639 2424 de
1659 2380 1702 2422 la

1067 2461 1176 2491 terre
1202 2459 1305 2490 sunt
1334 2449 1392 2489 fet
1423 2447 1565 2488 riches
1585 2446 1639 2488 de
1659 2445 1700 2487 la

1065 2526 1188 2556 vertu
1212 2515 1264 2556 de
1291 2513 1387 2554 ces⁵
1407 2512 1586 2554 delices.

407 2690 479 2723 1.B
499 2695 599 2723 omet
617 2693 686 2723 est.
710 2707 749 2714 —
774 2699 810 2723 2.
838 2689 898 2723 BC
919 2698 939 2722 e
959 2686 1090 2732 garde.
1110 2705 1150 2712 -
1178 2685 1210 2720 3.
1231 2686 1290 2720 BC
1314 2689 1390 2719 tute
1418 2684 1461 2727 (C
1484 2684 1569 2726 tote)
1588 2685 1691 2728 gent.
