1910 3158
374 316 494 348 chx
863 312 1215 346 COMMENTAIRES

422 424 633 475 Expositio
647 432 788 474 quarte
803 423 984 461 visionis.
1004 444 1050 453 -
1065 424 1122 462 Et
1139 424 1422 476 cum-finierint
1438 419 1705 465 testimonium

373 502 488 530 suum
510 491 649 539 (Apoc.
668 490 738 532 XI,
759 490 812 538 7).
1107 493 1115 511 ¹

420 555 562 594 Bestia*
576 554 644 591 hec
659 552 954 592 Antichristum
972 552 1184 603 significat.
1195 554 1335 593 Faciet
1350 555 1538 595 adversus
1549 567 1615 594 eos
1634 556 1710 594 bel-

377 621 457 658 lum
489 619 652 669 quando
682 630 752 656 eos
780 627 1068 668 persequetur-3
1092 619 1219 658 vincet
1241 631 1338 658 vero
1365 619 1456 659 illos
1477 632 1559 659 non
1588 631 1708 671 supe³

376 686 504 723 rando
533 683 682 732 verbis,
722 684 794 721 sed
832 683 1129 722 interficiendo.
1168 685 1286 724 Unde
1324 694 1364 724 et
1400 686 1583 735 sequitur
1608 698 1636 723 :v
1653 687 1711 725 Et

376 750 525 790 occidet
541 761 607 788 eos
625 750 652 798 ¹,
672 756 712 787 et
723 749 914 799 jacebunt
938 761 1105 799 corpora
1133 761 1271 788 eorum
1300 750 1339 789 in
1365 751 1514 802 platea>
1538 751 1713 791 civitatis-

376 827 531 868 magne,
564 826 640 866 que
666 822 831 854 vocatur
859 815 1126 866 spiritualiter
1155 816 1326 855 Sodoma
1350 824 1390 854 et
1406 817 1610 869 Egrptus,
1638 817 1712 855 ‘ubi

375 882 556 919 dominus
585 891 724 918 eorum
754 879 975 931 crucifixus
997 887 1057 918 est
1081 893 1095 916 .·
1126 880 1159 917 si
1192 892 1266 929 per
1291 881 1490 920 civitatem
1521 887 1710 934 magnam

375 945 600 984 Jerusalem
630 953 862 983 terrestrem
889 945 1138 983 voluerimus
1166 945 1404 995 intelligere,
1437 951 1603 996 propt-er
1633 946 1711 983 hoc

378 1010 489 1060 quod
508 1009 656 1048 dicitur
676 1009 742 1047 ubi
757 1016 796 1047 et
811 1009 1007 1047 Dominus
1019 1021 1162 1047 eorum
1179 1009 1398 1060 crucifixus
1416 1017 1487 1058 est,
1502 1020 1531 1047 a⁴
1542 1004 1712 1055 &oritate

379 1076 674 1119 oberrabimus,
697 1087 745 1114 eo
765 1076 878 1125 quod
895 1075 966 1114 illa
979 1076 1231 1114 Jherusalem
1249 1088 1380 1126 usque
1405 1077 1456 1115 ad
1476 1076 1611 1114 solum
1626 1077 1714 1114 des·

377 1150 510 1181 tructa
525 1141 590 1188 sit,
610 1149 651 1179 et
666 1141 744 1178 ista
760 1152 839 1189 que
857 1153 933 1190 pro
952 1152 1000 1178 ea
1020 1141 1206 1179 edificata
1225 1151 1286 1179 est
1300 1152 1384 1179 non
1402 1140 1446 1178 in
1462 1151 1514 1178 eo
1530 1140 1624 1178 1000
1643 1139 1715 1178 ned

379 1206 422 1245 in
436 1206 516 1245 alio
534 1207 610 1245 sita
629 1218 717 1245 esse
730 1206 908 1255 dicatur3
926 1218 1059 1256 neque
1076 1207 1090 1224 ²
1103 1207 1279 1245 Sodoma
1295 1215 1335 1245 et
1349 1208 1534 1256 Egyptus
1541 1205 1716 1244 dicenda

378 1280 437 1310 est
449 1283 498 1310 eo
509 1272 655 1321 quoda
669 1271 910 1310 Christianis
929 1271 1152 1319 incolatur3
1174 1293 1221 1300 —
1236 1271 1437 1321 simulque
1457 1269 1718 1321 consideran-

380 1337 476 1375 dum
496 1337 606 1386 quia,
628 1337 876 1387 ubicumque
904 1337 947 1375 in
971 1337 1050 1375 hoc
1074 1337 1180 1374 libro
1205 1337 1343 1375 civitas
1371 1349 1517 1389 magna
1535 1337 1712 1387 ponitur,

383 1401 635 1448 Babilonem,
657 1413 737 1450 que
764 1410 824 1439 est
847 1401 988 1439 civitas
1006 1400 1172 1448 diaboli,
1199 1408 1239 1438 et
1270 1412 1319 1439 ex
1346 1400 1537 1438 omnibus
1558 1408 1718 1438 constat

382 1465 582 1515 reprobis,
608 1466 822 1515 significat.
851 1466 972 1513 Quod
999 1475 1134 1504 autem
1161 1465 1201 1503 in
1225 1465 1360 1516 platea
1379 1463 1551 1504 civitatis
1574 1476 1721 1517 magne

381 1542 550 1582 corpora
568 1538 795 1569 sanctorum
809 1530 1042 1581 proicienda
1060 1541 1147 1568 esse
1163 1530 1367 1578 dicuntur,
1391 1535 1608 1580 possumus
1626 1529 1718 1567 sim—

380 1596 542 1646 pliciter
561 1595 800 1645 intelligere,
814 1603 861 1633 ut
878 1595 922 1633 in
937 1594 1180 1644 quacunque
1192 1596 1326 1645 platea
1352 1607 1431 1644 que
1445 1582 1496 1632 ad
1513 1594 1578 1644 jus
1591 1593 1719 1632 alieu-

381 1662 446 1712 jus
471 1661 638 1711 reprobi
662 1660 862 1710 pertineat
878 1661 1050 1710 jaceant,
1071 1669 1132 1699 set
1164 1660 1309 1698 melius
1334 1659 1456 1698 michi
1476 1658 1636 1696 videtur
1659 1667 1718 1706 ut,

383 1727 488 1765 sicut
515 1739 588 1776 per
609 1726 812 1765 civitatem
841 1738 1027 1775 magnam
1055 1736 1196 1764 omnes
1216 1725 1412 1775 reprobos
1436 1722 1721 1774 intelligendos

384 1804 472 1830 esse
489 1791 709 1840 diximus,
726 1792 783 1830 ita
802 1800 841 1830 et
858 1803 931 1841 per
948 1791 1123 1841 plateam
1140 1790 1264 1829 corda
1277 1789 1557 1839 improborum
1575 1787 1722 1826 intelli-

385 1868 564 1905 gamus.
537 1857 552 1879 ⁴
1533 1861 1537 1865 '

440 1976 502 2017 Le
522 1975 837 2032 commentaire
858 1976 919 2017 du
938 1988 1026 2017 ms.
1057 1974 1165 2016 latin
1186 1974 1270 2016 688
1291 1984 1355 2017 est
1373 1972 1618 2025 donc=bieu
1634 1971 1727 2016 dis-

386 2046 496 2089 tinct
515 2047 568 2088 de
589 2046 704 2088 celui
725 2047 795 2089 du
806 2045 1047 2089 manuscrit
1062 2046 1115 2087 de
1133 2044 1356 2092 Cambrai.

441 2118 680 2175 Beaucoup
709 2118 762 2161 de
792 2129 994 2172 passages
1021 2117 1080 2158 du
1107 2114 1422 2158 commentaire
1443 2115 1504 2158 du
1518 2099 1616 2165 ms.
1634 2111 1727 2160 688

389 2202 434 2230 se
479 2198 732 2230 retrouvent
783 2186 1093 2229 litteralement
1145 2187 1254 2232 dans
1297 2185 1339 2227 le
1387 2173 1628 2239 manuscrit
1674 2182 1728 2224 de

391 2261 453 2301 Μ.
474 2260 755 2314 Thompson.
777 2258 859 2300 Tel
879 2267 943 2299 est
964 2257 1004 2298 le
1031 2270 1238 2298 morceau
1258 2255 1404 2297 relatis
1419 2268 1504 2296 aux
1521 2262 1682 2294 versets
1703 2266 1727 2306 7

436 2417 466 2440 1.
482 2406 536 2440 La
554 2406 650 2440 suite
664 2407 711 2439 de
718 2406 756 2439 la
768 2405 919 2439 citation
937 2410 992 2438 est
1011 2401 1217 2446 remplacee
1231 2412 1298 2445 par
1313 2405 1380 2434 etc.
1394 2401 1488 2432 dans
1502 2401 1541 2433 le·
1554 2409 1624 2434 ms.
1638 2397 1724 2432 688.

432 2470 464 2493 2.
486 2460 557 2493 Les
573 2466 669 2493 mots
687 2468 800 2503 neque
818 2456 1199 2492 Sodoma—incolatur
1214 2462 1297 2488 sont
1311 2451 1407 2487 omis
1420 2454 1512 2487 dane
1525 2453 1560 2486 le
1576 2461 1732 2486 manus·

390 2514 458 2546 crit
479 2514 523 2546 de
541 2514 634 2546 Metz
653 2519 689 2546 et
710 2513 803 2546 dans
822 2511 919 2546 celui
939 2511 984 2544 de
1004 2510 1052 2543 M.
1072 2510 1304 2552 Thompson.

435 2566 466 2599 3.
487 2567 518 2599 A
545 2576 586 2600 ce
602 2573 684 2599 mot
709 2566 857 2599 s'arrete
876 2565 914 2598 la
945 2562 1215 2607 photographie
1231 2570 1304 2604 que
1332 2570 1428 2594 nous
1453 2569 1579 2593 avons
1576 2557 1639 2592 dn
1666 2558 1731 2593 fol.

397 2629 438 2663 ¹7
455 2623 492 2652 v⁰
503 2619 552 2652 du
569 2619 773 2652 manuscrit
786 2619 832 2651 de
847 2618 951 2651 Metz.
1624 2631 1626 2633 ·
1659 2631 1663 2635 -

433 2682 468 2714 4.
490 2672 559 2705 Les
578 2678 675 2705 mots
698 2671 749 2705 ita
765 2675 804 2704 et
823 2689 863 2696 -—-·
885 2671 1134 2714 intelligamus
1151 2679 1176 2702 n
1178 2670 1252 2702 'ont
1271 2678 1338 2712 pas
1361 2667 1420 2701 6ῖό
1446 2666 1576 2736 copies
1589 2666 1682 2700 dans
1698 2661 1732 2699 le

394 2725 596 2758 manuscrit
609 2725 656 2758 de
669 2725 717 2758 M.
735 2724 969 2768 Thompson.
1466 2739 1468 2741 ·
1639 2739 1642 2741 -
