1910 3158
391 308 443 340 10
727 293 1060 338 L'APOCALYPSE
1092 308 1148 339 EN
1165 351 1167 353 ‚
1182 308 1401 352 FRANQMS

384 419 540 459 lectum
552 431 569 469 ;
588 416 717 472 etqui
736 417 1020 458 moechantur

384 495 481 524 cum
531 495 582 524 ea
642 482 686 523 in
737 480 1022 523 tribulatione

384 548 578 589 maxima
607 554 748 599 erunt,
770 546 858 588 nisi
867 545 1022 600 poeni-

387 613 564 655 tentiam
607 612 662 654 ab
693 611 895 666 operibus
930 611 1021 653 suis

388 678 586 734 egerint;
607 677 692 732 (23)
723 683 766 719 et
770 676 900 734 filios
929 677 1021 718 eius

390 743 653 800 interficiam
701 742 746 784 in
789 749 939 795 morte,
981 749 1024 784 et

386 811 678 852 scientomnes
697 807 903 850 ecclesiae
918 807 1020 862 quia

387 888 468 930 ego
488 887 583 916 sum
601 880 805 916 scrutans
829 886 956 915 renes
980 880 1023 914 et

385 940 537 991 corda,
573 946 616 981 et
641 939 752 981 dabo
790 938 1021 992 unicuique

385 1012 575 1047 vestrum
610 1004 845 1046 secundum
888 1017 1020 1058 opera

383 1084 477 1112 sua.
503 1069 632 1112 Vobis
648 1076 791 1111 autem
803 1069 918 1118 dico,
935 1069 1018 1123 (24)

385 1143 430 1178 et
455 1135 627 1188 ceteris,
660 1135 737 1190 qui
775 1135 1021 1190 Thyatirae

387 1201 490 1243 estis
519 1215 533 1242 .·
556 1200 822 1255 Quicumque
841 1213 926 1242 non
946 1202 1019 1241 ha-

387 1266 488 1308 bent
528 1266 775 1307 doctrinam
813 1267 938 1315 hanc,
980 1272 1024 1306 et

386 1331 462 1386 qui
489 1344 574 1372 non
600 1336 903 1385 cognoverunt
919 1329 1021 1371 alti-

389 1396 559 1438 tudines
577 1397 783 1447 Satanae,
814 1394 1022 1450 quemad-

388 1467 561 1509 modum
574 1467 738 1518 dicunt‚
751 1479 836 1508 non
853 1465 1022 1507 mittam

384 1546 516 1587 super
554 1545 629 1574 vos
674 1532 800 1574 aliud
830 1531 1018 1586 pondus.

386 1598 468 1651 (25)
500 1598 662 1639 Tamen
689 1597 736 1638 id
758 1597 875 1651 quod
895 1596 1020 1637 habe·

384 1663 441 1704 tis
481 1669 620 1704 tenete
659 1662 796 1704 donec
835 1661 1020 1704 veniam.

386 1729 471 1783 (26)
490 1729 555 1770 Et
579 1728 656 1782 qui
673 1727 842 1778 vicerit,
863 1733 908 1768 et
923 1738 1023 1767 cus-

385 1793 566 1835 todierit
613 1805 746 1847 usque
799 1792 843 1833 in
879 1791 1021 1848 finem

388 1871 522 1911 opera
541 1870 651 1906 mea,
668 1857 780 1898 dabo
797 1855 867 1897 illi
877 1862 1024 1909 potes-

388 1928 522 1963 tatem
562 1934 695 1975 super
722 1927 876 1976 gentes
885 1935 903 1972 ;
933 1919 1024 1973 (27)

392 1994 435 2028 et
468 1993 593 2041 reget
621 1999 694 2027 eas
723 1986 767 2027 in
787 1985 916 2039 virga
923 1985 1026 2040 fer-

391 2066 483 2104 rea,
505 2059 548 2094 et
566 2059 784 2106 tamquam
803 2064 878 2093 vas
882 2051 1025 2107 figuli

389 2118 743 2173 confringentur,
790 2115 875 2170 (28)
912 2115 1027 2157 sicut

391 2191 435 2226 et
452 2197 533 2238 ego
547 2184 696 2237 accepi
709 2196 736 2223 a
751 2183 889 2223 Patre
903 2193 1024 2231 meo;

388 2257 432 2291 et
449 2249 560 2290 dabo
579 2247 649 2289 illi
660 2248 833 2289 stellam
851 2245 1026 2286 matuti-

388 2328 503 2356 nam.
516 2313 600 2368 (29)
618 2313 706 2363 Qui
718 2311 848 2352 habet
857 2323 1023 2361 aurem,

386 2379 542 2421 audiat
563 2377 671 2432 quid
691 2375 888 2431 Spiritus
907 2374 1027 2416 dicat

387 2443 605 2486 ecclesiis.

1093 430 1148 458 en
1173 428 1298 472 grant
1321 417 1595 471 tribulatium
1621 431 1667 461 se
1693 418 1726 461 il

1094 495 1148 523 ne
1163 495 1207 523 se
1221 493 1447 538 repentem
1463 496 1474 536 ;
1491 483 1584 539 (23)
1603 485 1643 526 ἃ
1657 497 1725 526 ses

1093 547 1196 589 fiulz
1218 548 1413 599 oscirrai,
1434 550 1474 591 ἃ
1495 559 1726 591 savveront

1093 622 1204 654 totes
1223 612 1285 654 les
1303 613 1463 668 yglises
1487 615 1538 656 ke
1566 614 1606 670 je
1641 627 1727 656 ser-

1093 677 1174 718 che
1206 677 1268 718 les
1299 677 1416 719 reins
1435 679 1475 722 &
1504 679 1566 721 les
1595 692 1726 734 quers

1093 742 1134 784 ἃ
1158 752 1253 784 rent
1287 737 1532 798 guerredon
1571 744 1726 787 solunc

1092 807 1163 850 lur
1183 807 1195 830 ⁷
1215 809 1396 852 deserte.
1419 810 1460 851 &
1492 822 1520 851 a
1540 822 1620 851 vos
1646 821 1726 851 au-

1093 883 1179 914 tres
1199 872 1244 913 di
1276 885 1328 927 ge
1348 872 1434 927 (24)
1463 873 1541 927 qui
1570 873 1725 916 n'estes

1093 937 1180 979 mie
1208 938 1261 979 de
1298 947 1412 979 ceste
1440 938 1638 980 doctrine
1667 951 1722 980 au

1092 1002 1260 1054 deable‚
1297 1002 1374 1056 qui
1399 1015 1454 1044 ne
1482 1002 1622 1057 prisez
1655 1014 1727 1044 or-

1093 1068 1201 1122 guil,
1222 1069 1274 1109 ke
1303 1081 1354 1122 ge
1375 1081 1429 1108 ne
1465 1079 1544 1109 vos
1574 1067 1726 1110 metrai

1093 1147 1168 1175 sus
1184 1143 1305 1175 autre
1337 1133 1510 1188 charge,
1533 1132 1571 1174 si
1600 1145 1726 1177 come

1093 1198 1214 1240 dient
1232 1211 1400 1240 aucuns
1419 1197 1448 1239 ⁸.
1465 1197 1549 1252 (25)
1568 1197 1664 1240 Mes
1683 1197 1726 1240 la

1093 1263 1291 1305 doctrine
1320 1276 1405 1317 que
1433 1275 1513 1304 vos
1541 1275 1644 1304 avez
1669 1272 1728 1304 te-

1095 1342 1173 1371 nez
1212 1329 1254 1370 la
1272 1329 1287 1350 ⁹
1315 1329 1447 1370 deske
1473 1340 1499 1370 a
1517 1327 1560 1369 la
1593 1338 1725 1369 mort.

1094 1394 1180 1449 (26)
1237 1395 1278 1436 &
1326 1393 1383 1434 cil
1435 1391 1512 1447 qui
1559 1391 1727 1434 veintra

1092 1472 1219 1502 avera
1255 1461 1404 1514 poeste
1435 1457 1463 1475 '⁰
1500 1470 1575 1498 sur
1617 1469 1726 1498 mes-

1093 1538 1261 1575 creanz,
1279 1523 1362 1577 (28)
1378 1533 1419 1565 et
1433 1523 1557 1577 apres
1569 1521 1602 1562 li
1612 1521 1727 1563 don-

1094 1590 1157 1632 rai
1199 1589 1241 1631 le
1273 1587 1437 1630 esteille
1461 1585 1644 1641 ‘jurnale
1682 1585 1722 1626 ¹¹.

430 2620 460 2642 1.
481 2608 540 2642 BC
568 2618 630 2646 ceo
650 2608 722 2641 dist
742 2607 791 2641 cil
817 2607 855 2640 ki
873 2605 933 2639 ad.
950 2623 992 2631 -
1018 2615 1052 2638 2.
1080 2605 1108 2638 B
1128 2603 1355 2643 resemblent‚
1377 2601 1406 2635 C
1429 2601 1662 2635 resemblunt.
1688 2619 1728 2625 -

387 2662 419 2696 3.
442 2662 471 2695 B
492 2669 592 2695 omet
615 2662 656 2694 dc.
677 2680 717 2685 —
735 2671 770 2703 4.
792 2660 852 2694 BC
873 2665 1052 2693 omettent
1070 2668 1106 2692 a.·
1126 2675 1166 2683 —
1186 2657 1219 2690 5.
1240 2654 1269 2689 Β
1285 2656 1355 2696 del,
1373 2655 1402 2689 C
1423 2654 1468 2689 de
1484 2656 1529 2688 le.
1549 2673 1592 2680 -
1609 2654 1644 2688 6.
1666 2654 1727 2688 BC

385 2726 469 2759 pur.
491 2733 532 2741 —
552 2726 584 2758 7.
609 2714 667 2747 BC
685 2719 865 2747 omettent
885 2713 959 2747 lur.
981 2730 1023 2739 -
1042 2711 1075 2744 8.
1095 2711 1155 2745 BC
1177 2709 1304 2744 deable
1327 2709 1373 2743 ke
1384 2709 1450 2752 J’eo
1470 2717 1516 2741 ne
1534 2717 1600 2742 vus
1623 2707 1729 2746 char-
