1910 3158
351 310 515 343 CLXVIII
841 304 1191 337 COMMENTAIRES

350 419 444 458 bunt
461 419 502 456 in
527 416 674 469 plateis
701 414 874 454 civitatis
901 425 1044 466 magne
1072 415 1310 463 Jerusalem,
1339 424 1379 454 et
1409 417 1512 454 bene
1537 416 1684 456 dicitur

349 495 506 533 magne,
516 481 611 532 quia
637 491 794 528 semper
815 491 889 529 pro
905 491 1049 529 magna
1063 489 1122 518 est
1141 479 1278 519 habita
1291 481 1323 529 (J
1327 493 1382 519 er.
1395 482 1479 530 V10)
1499 482 1610 520 :Hee
1624 491 1683 521 est

349 548 489 586 civitas
521 545 763 586 visitationis
795 545 941 590 omnis,
977 545 1194 594 columpna
1225 546 1268 583 in
1307 546 1442 584 medio
1473 548 1584 596 ejus3
1620 548 1683 586 vel

349 625 492 665 magne
513 612 610 649 dicit
633 619 799 660 propter
817 609 921 648 vicia
940 609 982 647 in
1001 610 1148 659 quibus
1167 619 1265 667 tunc
1283 611 1558 658 habundabat,
1579 612 1684 651 sicut

349 678 445 715 olim
465 677 507 715 in
527 675 756 715 virtutibus.
786 675 872 722 Que
888 682 1051 713 vocatur
1075 675 1344 726 spiritualiter
1355 676 1544 724 Sodoma,
1564 677 1606 715 id
1624 686 1684 716 est

349 753 460 782 muta
479 756 503 782 a
524 743 644 780 laude
667 741 740 780 Dei
759 742 865 790 (Ysa.
889 742 918 790 Ι)
939 754 948 778 z
978 755 995 776 α
1020 741 1168 780 Audite
1188 743 1355 779 verbum
1377 742 1554 791 Domini,
1573 743 1683 792 prin·

348 815 456 863 cipes
473 814 744 852 Sodomorum
755 825 788 859 »3
806 812 939 860 (Tren.
957 812 1065 860 11110)
1081 825 1097 846 α
1111 811 1243 861 Major
1257 811 1399 863 effecta
1417 820 1478 852 est
1489 813 1682 863 iniquitas

347 879 430 917 filie
449 878 590 929 populi
610 877 689 916 mei
708 886 876 926 peccato
902 875 1191 924 Sodomorum,
1207 887 1285 925 que
1305 877 1348 914 in
1367 885 1574 916 momento
1592 879 1685 916 sub·

347 956 463 982 versa
481 952 542 982 est
554 958 586 980 u.
607 944 664 982 Et
677 943 882 994 Egyptu8‚
905 941 999 990 quia
1014 941 1230 979 tenebrosa
1249 940 1335 980 sine
1350 942 1580 991 cognitione
1594 943 1682 990 Dei,

349 1019 387 1048 et
399 1009 547 1047 flebilis
575 1009 671 1058 quia
683 1008 762 1046 ibit
788 1007 831 1044 in
857 1007 1045 1044 tenebras
1064 1005 1281 1046 exteriores
1304 1006 1375 1044 ubi
1404 1006 1479 1045 erit
1500 1006 1618 1049 fletus
1646 1017 1686 1046 et

348 1074 497 1113 stridor
514 1073 696 1112 dentium
717 1072 876 1122 (Matth.
898 1071 1042 1120 XXII).
1066 1071 1141 1110 Ubi
1165 1078 1204 1108 et
1222 1071 1331 1109 Deus
1358 1083 1511 1120 eorum,
1531 1072 1686 1112 scilicet

349 1139 548 1186 Christus,
565 1139 630 1177 cui
647 1139 724 1188 ipsi
750 1138 970 1187 aliquando
996 1137 1234 1175 servierunt.
1260 1137 1494 1189 Crucifixus
1513 1145 1575 1176 est
1593 1149 1686 1178 cor-

347 1204 541 1254 poraliter
555 1212 595 1242 et
625 1203 887 1252 spiritualiter
911 1203 953 1240 in
982 1202 1172 1240 membris
1206 1202 1302 1249 suis,
1334 1190 1557 1241 secundum
1576 1204 1687 1252 quod

346 1270 432 1320 ipse
446 1271 567 1308 Petro
587 1269 712 1309 dixit:
729 1268 889 1313 «Venio
902 1268 1070 1305 Romam
1095 1267 1240 1305 iterum
1262 1267 1458 1317 crucifigi,
1479 1269 1634 1308 scilicet
1647 1269 1687 1306 in

345 1344 386 1373 te
400 1349 434 1373 ι).
450 1336 501 1374 Et
526 1334 670 1373 Matth.
690 1324 802 1371 XXV
821 1345 830 1370 :
859 1323 876 1367 (ι
894 1331 1016 1378 Quod
1041 1331 1111 1369 uni
1133 1343 1181 1369 ex
1200 1331 1378 1369 minimis
1393 1332 1494 1370 meis
1517 1333 1682 1381 fecistis,

348 1400 470 1438 michi
489 1399 640 1438 fecistis
661 1414 694 1437 ».
709 1400 760 1438 Et
778 1399 867 1437 Act.
884 1399 920 1435 II
942 1410 951 1437 ς
968 1412 992 1455 .«
1012 1397 1122 1444 Quid
1142 1409 1204 1435 me
1218 1398 1521 1447 persequimini.
1547 1413 1564 1434 »

398 1523 479 1565 J’ai
513 1523 655 1565 choisi
684 1536 732 1565 ce
763 1535 943 1578 passage
970 1535 1095 1577 parce
1128 1522 1236 1576 qu'il
1266 1523 1427 1564 set-vira
1458 1535 1513 1583 en
1545 1524 1687 1564 meme

347 1605 488 1650 temps
505 1595 558 1636 de
587 1605 723 1636 terme
755 1595 809 1635 de
841 1593 1148 1647 comparaison
1181 1605 1294 1647 pour
1323 1603 1518 1634 montrer
1543 1607 1628 1648 que
1646 1594 1686 1635 le

347 1664 588 1707 manuscrit
612 1666 665 1706 de
693 1665 824 1715 Metz‚
858 1664 968 1705 dont
986 1663 1049 1704 les
1075 1663 1420 1718 peintures'sont
1439 1663 1686 1720 identiques

347 1736 372 1776 a
394 1734 523 1776 celles
557 1736 617 1776 du
653 1734 894 1776 manuscrit
921 1734 974 1775 de
1007 1733 1229 1786 Cambrai,
1249 1733 1444 1776 contient
1472 1747 1534 1776 un
1563 1747 1687 1780 corn-

349 1805 558 1848 mentaire
583 1815 680 1848 tout
698 1805 911 1850 different.
1283 1791 1287 1813 ³
1584 1794 1586 1797 ’

345 1989 388 2031 4.
407 1972 750 2019 Commentaires
776 1977 836 2018 du
863 1981 941 2019 ms.
965 1976 1073 2018 latin
1107 1975 1202 2020 688
1228 1977 1287 2019 de*
1313 1979 1356 2019 la
1381 1977 1686 2033 Bibliotheque

549 2049 771 2091 nationale
790 2055 833 2090 et
848 2049 902 2090 de
920 2049 1019 2103 cinq
1039 2056 1187 2090 autres
1206 2049 1481 2091 manuscrits.
1672 2057 1674 2061 “

399 2192 461 2233 Le
475 2190 787 2233 commentaire
807 2190 912 2232 latin
935 2190 1026 2245 qui,
1042 2191 1150 2233 dans
1170 2191 1209 2232 le
1228 2205 1311 2233 ms.
1333 2191 1440 2233 latin
1462 2192 1545 2234 688
1566 2192 1619 2232 de
1642 2191 1684 2233 la

347 2260 657 2316 Bibliotheque
690 2262 927 2312 nationale,
963 2275 1257 2317 accompagne
1288 2263 1328 2304 le
1360 2273 1486 2315 texte,
1520 2254 1683 2318 pax-fois

344 2332 514 2386 abrege‚
531 2333 584 2374 de
604 2333 923 2388 l‘Apocalypse‚
940 2333 1129 2375 consiste
1144 2347 1198 2374 en
1212 2334 1356 2388 gloses
1376 2346 1494 2375 assez
1515 2334 1681 2387 breves,

344 2416 404 2443 un
437 2416 521 2456 peu
553 2404 654 2458 plus
680 2405 887 2446 etendues
919 2418 1004 2459 que
1032 2405 1095 2446 les
1126 2404 1326 2459 portions
1354 2405 1407 2445 de
1436 2414 1546 2445 texte
1578 2417 1684 2446 aux-

343 2473 510 2526 quelles
530 2474 634 2515 elles
655 2488 700 2516 se
719 2486 986 2530 rapportent.
1006 2476 1071 2518 Ce
1089 2475 1401 2518 commentaire
1421 2486 1486 2516 est
1505 2475 1610 2517 ecrit
1628 2489 1683 2517 en

344 2543 490 2585 lettres
512 2558 685 2600 rouges.
701 2547 770 2589 En
786 2547 900 2588 voici
921 2547 961 2588 le
981 2547 1170 2602 premier
1187 2546 1470 2601 paragraphe‚
1493 2545 1570 2600 qui
1590 2559 1683 2587 cor-

343 2616 534 2668 respond
555 2617 579 2657 a
598 2629 659 2658 un
678 2627 790 2660 texte
818 2619 904 2660 fort
923 2619 1079 2674 abrege
1097 2619 1155 2660 du
1174 2617 1368 2672 chapitre
1392 2617 1446 2658 Ιθιι
1462 2617 1515 2658 de
1534 2617 1684 2672 l’Apo-

347 2685 520 2739 calypse
547 2698 556 2727 ε
