1910 3158
1007 552 1103 609 IV.

649 724 1000 757 coMMENrAmes
1033 726 1090 757 DE
1122 710 1454 759 L'APOCALYPSE

529 1042 565 1069 1.
588 1026 908 1069 Commentaire
931 1026 1054 1082 joint
1078 1027 1105 1068 ἁ
1134 1027 1373 1070 l'ancienne
1404 1029 1590 1074 version.

442 1171 503 1211 Le
552 1169 864 1211 commentaire
903 1170 956 1211 de
994 1169 1299 1225 l'Apocalypse
1342 1171 1492 1225 publie
1535 1172 1645 1214 dans
1679 1164 1727 1215 ce

389 1242 583 1292 volume,
609 1241 774 1282 semble
804 1243 891 1281 etre
909 1241 952 1282 la
981 1231 1230 1282 tr‘aduction
1250 1242 1446 1296 partielle
1476 1243 1582 1284 d’un
1611 1254 1730 1284 com-

390 1311 600 1354 mentaire
617 1311 724 1353 latin
744 1312 853 1352 dont
871 1325 934 1352 un
953 1321 1064 1352 texte
1091 1311 1260 1366 abrege',
1284 1314 1580 1367 accompagn&
1599 1314 1729 1355 d'une

388 1384 564 1425 version
597 1382 836 1435 castillane,
870 1396 915 1424 se
946 1393 1099 1424 trouve
1125 1384 1233 1424 dans
1265 1395 1328 1424 un
1359 1385 1598 1426 manuscrit
1615 1386 1668 1426 de
1688 1385 1731 1426 la

390 1454 624 1497 collection
660 1453 874 1496 d’Osuna.
916 1454 977 1496 Le
1009 1456 1095 1495 tres
1128 1458 1311 1508 regrette
1341 1454 1518 1497 Samuel
1553 1456 1728 1511 Berger,

391 1529 498 1570 dont
511 1528 551 1569 le
566 1540 674 1570 nom
694 1538 758 1569 est
772 1527 808 1569 si
826 1538 1012 1569 souvent
1022 1541 1138 1570 venu
1156 1540 1260 1569 sous
1275 1541 1346 1570 ma
1362 1528 1511 1591 plume
1528 1540 1584 1568 au
1601 1540 1731 1568 cours

391 1600 444 1641 de
464 1612 512 1640 ce
533 1598 759 1653 memoire,
789 1612 813 1640 a
834 1598 936 1639 bien
954 1598 1091 1640 voulu
1113 1597 1228 1640 m'en
1248 1598 1437 1654 signaler
1456 1597 1564 1640 trois
1583 1607 1732 1639 courts

393 1669 633 1723 fragments
663 1681 748 1722 que
774 1668 876 1710 Don
911 1668 1015 1709 Jose
1047 1668 1189 1710 Maria
1215 1669 1268 1710 de
1297 1669 1477 1723 Eguren
1508 1682 1533 1711 a
1566 1667 1732 1710 inseres

395 1741 503 1782 dans
519 1740 558 1781 le
580 1738 791 1781 memoire
824 1738 997 1780 intitule
1019 1752 1029 1780 t
1051 1739 1272 1781 Memoria
1296 1739 1557 1794 descriptiva
1583 1740 1638 1781 de
1669 1741 1733 1781 los

393 1812 565 1854 codices
602 1811 796 1853 notables
845 1811 1135 1854 conservados
1172 1825 1223 1854 en
1261 1813 1326 1854 los
1364 1811 1567 1854 archivo-s·
1603 1811 1735 1852 eccle-

394 1883 596 1925 siasticos
615 1883 669 1924 de
694 1882 875 1936 Espafia
895 1883 922 1925 ¹.
960 1883 982 1923 J
988 1895 1011 1923 e
1032 1894 1142 1925 mets
1162 1895 1232 1924 ces
1252 1883 1490 1938 fragments
1510 1895 1565 1924 en
1582 1881 1734 1936 regard

397 1954 450 1994 de
472 1964 596 1994 notre
615 1953 791 1994 version
812 1952 1023 2005 franqaise
1046 1965 1055 1994 :
1704 1952 1707 1953 ⁷

563 2077 644 2115 Ms.
680 2076 867 2116 d'Osuna.

447 2161 525 2198 Per
534 2161 553 2198 J
559 2159 733 2197 ohanem
753 2159 1032 2209 significantur

399 2226 542 2275 prelati
571 2226 641 2275 qui
675 2225 845 2263 audiunt
864 2225 1033 2261 verbum

401 2291 474 2328 Dei
506 2299 545 2329 et
575 2291 806 2340 intelligunt
832 2300 872 2328 et
911 2302 1032 2340 opere

400 2356 605 2405 conplent,
620 2364 660 2394 et
668 2367 740 2405 per
752 2368 891 2395 eorum
903 2369 1033 2394 exem-

380 2416 512 2469 'plum
530 2420 682 2459 subditi
710 2421 772 2460 sui
795 2430 1032 2460 convertun-

400 2494 465 2522 tur
479 2487 529 2523 ad
544 2486 674 2525 simile
690 2487 930 2525 faciendum.

1222 2078 1303 2118 Ms.
1317 2077 1365 2116 de
1383 2077 1551 2117 charles
1570 2077 1614 2116 V.

1155 2161 1232 2198 Par
1262 2160 1366 2198 seint
1391 2159 1523 2198 Johan
1555 2166 1649 2196 sunt
1680 2157 1735 2195 si-

1104 2224 1226 2273 gnifie‘
1246 2225 1274 2262 li
1296 2226 1377 2262 bon
1397 2225 1526 2274 prelat
1539 2224 1589 2261 de
1610 2222 1736 2260 seinte

1106 2289 1216 2326 Glise
1236 2289 1305 2338 qui
1325 2297 1399 2326 unt
1411 2289 1450 2325 la
1471 2286 1561 2324 voiz
1585 2286 1651 2324 del
1665 2298 1735 2323 eu-

1104 2353 1276 2403 vangile,
1300 2362 1339 2391 et
1359 2352 1579 2391 emendent
1604 2363 1683 2400 que
1700 2351 1739 2389 la

1104 2430 1270 2455 manace
1314 2418 1379 2455 del
1413 2418 1628 2467 jugement,
1668 2415 1739 2465 qui

1105 2492 1165 2522 est
1193 2483 1383 2532 signefie'e
1408 2495 1482 2532 par
1506 2483 1544 2519 la
1578 2481 1738 2527 businc,

1105 2551 1162 2589 les
1190 2558 1348 2588 semunt
1374 2550 1471 2599 qu'il
1500 2558 1668 2589 mettent
1689 2561 1739 2586 en

451 2686 478 2708 ι.
508 2677 664 2718 Madrid,
687 2677 788 2722 1859,
808 2677 917 2716 in-8⁰‚
938 2686 975 2719 p.
1002 2675 1046 2720 39
1065 2682 1100 2709 et
1119 2686 1176 2718 40.
