1910 3158
366 319 501 350 CXLIV
648 317 793 350 NOTES
826 316 908 349 SUR
940 317 1098 351 mvmts
1129 318 1414 351 MANUSCRITS

363 428 535 468 refertur
553 429 605 467 ad
625 439 823 467 sessorem
841 427 947 476 equi,
968 434 1014 466 ut
1029 427 1083 467 sit
1105 439 1248 467 sensus
1263 440 1274 466 t
1292 429 1386 468 data
1407 436 1466 467 est
1482 428 1535 477 εἰ,
1549 427 1704 469 scilicet

362 495 432 544 qui
452 495 618 533 sedebat
637 505 759 543 super
774 505 937 543 equum,
958 493 1113 532 scilicet
1123 493 1298 543 Christo,
1314 505 1459 532 corona
1479 494 1702 533 secundum

362 568 547 599 naturam
576 558 840 597 humanitatis
867 559 1034 607 (Psalm.
1059 570 1069 596 :
1110 573 1130 594 «
1157 558 1295 598 Gloria
1327 567 1367 598 et
1391 559 1548 597 honore
1581 571 1703 598 coro-

362 625 467 663 nasti
490 636 597 670 eum,
613 624 787 662 Domine
802 637 820 659 π
841 624 882 672 ¹).
903 623 978 662 Vel
998 635 1144 662 corona
1161 624 1351 663 dicuntur
1362 624 1504 664 fideles
1523 625 1561 664 ei
1574 625 1700 664 adhe-

363 698 496 728 rentes
506 689 670 737 (Psalm.
682 700 691 726 :
704 703 721 724 α
733 689 947 739 Synagoga
961 689 1205 738 populorum
1219 689 1486 729 circumdabit
1500 698 1540 728 te
1553 689 1698 738 »,dici-

360 763 428 793 tur
444 755 606 793 Christo
619 754 648 803 ²)
659 766 669 802 3
681 755 745 793 vel
759 765 912 792 corona
929 755 1022 792 data
1039 763 1099 792 est
1119 754 1156 792 ei
1167 755 1332 804 quando
1345 755 1618 793 circumdatus
1637 763 1699 792 est

361 831 481 857 carne
490 819 621 868 (Cant.
637 820 694 856 III
706 832 716 857 ε
733 819 897 857 “Videte
908 830 1043 869 regem
1053 819 1315 863 Salomonem
1323 833 1340 855 ι»
1349 820 1390 868 ³),
1401 819 1556 858 scilicet
1562 818 1698 857 Chris-

359 893 444 922 tum
463 883 706 933 pacificum
695 896 738 921 in
759 883 1013 933 dyademate,
1035 895 1116 933 quo
1131 884 1342 923 coronavit
1360 895 1453 922 eum
1477 890 1607 922 mater
1624 895 1699 922 sua

359 950 402 987 in
427 949 492 987 die
513 948 872 999 desponsationis⁴
887 948 1014 998 illius,
1031 949 1186 988 scilicet
1203 949 1368 999 quando
1388 948 1467 988 sibi
1479 949 1697 988 humanam

359 1023 544 1053 naturam
561 1013 836 1063 desponsavit.

383 1175 385 1177 .
411 1134 612 1177 D'autres
644 1133 962 1190 significations
996 1134 1295 1189 symboliques
1329 1143 1430 1176 sont
1459 1109 1700 1188 proposees

357 1206 467 1247 dans
494 1205 538 1247 la
576 1205 696 1260 glose
724 1205 784 1247 du
821 1218 902 1247 ms.
938 1206 1023 1248 688
1057 1206 1111 1247 de
1141 1205 1184 1247 la
1209 1204 1521 1259 Bibliotheque
1540 1203 1697 1246 natio-

358 1276 456 1318 nale
475 1277 503 1318 ⁵.

407 1407 550 1456 Equus
568 1407 686 1445 albus
701 1408 842 1456 justos
868 1406 938 1456 qui
956 1415 1049 1446 ante
1071 1406 1268 1446 diluvium
1286 1407 1302 1429 ⁶
1318 1406 1482 1445 fuerunt
1492 1405 1693 1455 designat,

358 1472 428 1520 qui
451 1481 618 1521 propter
641 1473 916 1510 innocentiam
935 1473 1019 1510 albi
1035 1472 1238 1511 dicuntur.
1253 1492 1303 1501 —
1320 1472 1466 1510 Sessor
1482 1482 1579 1510 vero
1599 1469 1695 1519 equi

357 1537 557 1575 Dominus
573 1545 647 1585 est,
669 1537 739 1586 qui
759 1537 844 1575 suis
871 1537 1022 1576 sanctis
1047 1537 1278 1576 eternaliter
1300 1536 1482 1586 presidet
1505 1536 1591 1574 7.-,-
1617 1538 1695 1576 Per

357 1601 523 1640 archum
539 1610 673 1640 autem
685 1601 756 1651 qui
769 1601 912 1651 procul
932 1601 1096 1651 sagittas
1115 1613 1138 1639 a
1148 1613 1191 1639 se
1205 1601 1328 1640 mittit
1345 1609 1386 1640 et
1396 1586 1595 1650 vulnerat,
1609 1600 1696 1640 vin-

355 1666 462 1704 dicta
476 1666 640 1704 Domini
653 1674 788 1716 potest
806 1665 1022 1715 designari,
1040 1677 1120 1715 qua
1139 1674 1180 1704 et
1191 1665 1344 1715 primos
1369 1665 1555 1704 homines
1569 1675 1695 1715 prop·

352 1739 416 1769 ter
433 1730 707 1770 inobedientie
732 1731 892 1781 culpam
917 1729 1164 1779 dampnavit,-
1178 1739 1218 1768 et
1231 1730 1344 1780 Cayn
1367 1737 1535 1780 propter
1557 1728 1694 1768 fratri-

354 1795 450 1833 cidii
469 1804 628 1834 reatum
639 1811 641 1829 ;
652 1795 883 1845 septuplum
902 1794 1075 1844 punivit.
1094 1796 1172 1833 Per
1189 1805 1385 1832 coronam
1401 1805 1499 1832 vero
1516 1793 1690 1834 nichilo·

354 1859 501 1908 minus,
522 1858 629 1901 sicut
656 1867 696 1897 et
722 1870 796 1909 per
823 1869 973 1909 equum
998 1859 1149 1906 album,
1166 1857 1261 1908 justi
1279 1857 1349 1907 qui
1380 1865 1474 1896 ante
1494 1855 1694 1909 dilnvium

352 1924 516 1964 fuerunt
533 1922 810 1974 designantur.

399 2090 428 2113 1.
446 2077 525 2126 P4s.‚
546 2077 641 2121 VIII,
660 2078 698 2114 6.

394 2143 431 2167 2.
452 2133 526 2173 Ps.‚
547 2133 626 2174 VII,
647 2134 684 2168 84

394 2186 427 2220 3³.
449 2187 571 2229 Cant..,
590 2187 654 2229 111,
669 2190 733 2223 ³11.

391 2250 425 2282 4.
444 2240 494 2273 Le
514 2240 718 2274 manuscrit
736 2240 780 2274 de
793 2238 968 2274 Cambrai
991 2244 1093 2283 porte
1109 2238 1353 2282 desponsavit.

394 2293 425 2326 5.
445 2293 522 2326 Fol.
543 2293 578 2327 6.

391 2344 424 2378 6.
447 2346 527 2379 Une
547 2347 612 2380 des
631 2346 803 2390 legendes
831 2346 894 2389 qui
928 2352 1013 2379 sont
1029 2345 1197 2379 inserites
1228 2355 1291 2379 sur
1315 2354 1356 2378 ce
1376 2343 1525 2378 tableau
1547 2343 1640 2378 dans
1653 2344 1688 2378 le

352 2399 558 2432 manuscrit
585 2400 631 2433 de
659 2400 696 2433 la
724 2399 949 2432 Bodleienne
982 2398 1112 2431 avertit
1134 2398 1223 2441 qu'il
1257 2397 1335 2431 faut
1352 2408 1376 2441 y
1402 2397 1482 2431 voir
1501 2406 1576 2431 une
1594 2397 1687 2431 alle-

352 2452 452 2494 gorie
472 2453 535 2485 des
555 2459 675 2497 temps
695 2451 899 2486 ante'rieurs
922 2462 969 2485 au
991 2451 1147 2495 deluge.
1139 2461 1147 2469 ·
1172 2465 1187 2481 «ι
1208 2451 1301 2484 Veni
1318 2457 1355 2484 et
1371 2451 1470 2491 vide,
1486 2450 1524 2483 id
1542 2455 1598 2484 est
1615 2450 1689 2493 spi-

351 2505 533 2538 ritualiter
554 2506 718 2550 intellige
742 2516 814 2549 que
840 2511 924 2539 ante
943 2505 1126 2538 diluvium
1147 2504 1243 2538 facta
1262 2503 1429 2547 legisti.
1460 2540 1462 2543 ,

392 2567 424 2600 7.
446 2558 497 2590 La
517 2558 650 2601 phrase
661 2559 791 2593 Sessor
802 2557 1016 2602 —presidet
1033 2563 1106 2591 sert
1122 2557 1167 2590 de
1179 2557 1332 2600 legende
1346 2566 1394 2591 au
1416 2555 1577 2591 cavalier
1595 2556 1688 2592 dans

351 2610 385 2643 le
408 2611 611 2645 manuscrit
634 2613 680 2646 de
696 2612 732 2646 la
753 2612 988 2646 Bodleienne.
